{"count": 459, "count_fp": "459.00", "created_time": "2026-02-16T22:09:06.124687Z", "no_price": 99, "no_price_dollars": "0.9900", "price": 0.01, "taker_side": "no", "ticker": "KXINXU-26FEB17H1600-T7549.9999", "trade_id": "eefab810-dda2-47de-524b-7f444f4e143b", "yes_price": 1, "yes_price_dollars": "0.0100"}
{"count": 459, "count_fp": "459.00", "created_time": "2026-02-16T22:18:38.969982Z", "no_price": 99, "no_price_dollars": "0.9900", "price": 0.01, "taker_side": "no", "ticker": "KXINXU-26FEB17H1600-T7524.9999", "trade_id": "5fa1e36a-0d18-488e-d25d-e2a6b3d85528", "yes_price": 1, "yes_price_dollars": "0.0100"}
{"count": 459, "count_fp": "459.00", "created_time": "2026-02-16T22:09:06.154403Z", "no_price": 99, "no_price_dollars": "0.9900", "price": 0.01, "taker_side": "no", "ticker": "KXINXU-26FEB17H1600-T7499.9999", "trade_id": "1573c46d-1459-5f15-b27d-f24ced740f10", "yes_price": 1, "yes_price_dollars": "0.0100"}
{"count": 459, "count_fp": "459.00", "created_time": "2026-02-16T22:18:43.964515Z", "no_price": 99, "no_price_dollars": "0.9900", "price": 0.01, "taker_side": "no", "ticker": "KXINXU-26FEB17H1600-T7474.9999", "trade_id": "c25e718f-5964-5c89-0887-17e03b819bd1", "yes_price": 1, "yes_price_dollars": "0.0100"}
{"count": 459, "count_fp": "459.00", "created_time": "2026-02-16T22:18:48.411857Z", "no_price": 99, "no_price_dollars": "0.9900", "price": 0.01, "taker_side": "no", "ticker": "KXINXU-26FEB17H1600-T7449.9999", "trade_id": "82df3a33-816d-65d3-da5b-01a4acba2589", "yes_price": 1, "yes_price_dollars": "0.0100"}
{"count": 459, "count_fp": "459.00", "created_time": "2026-02-16T22:18:52.328255Z", "no_price": 99, "no_price_dollars": "0.9900", "price": 0.01, "taker_side": "no", "ticker": "KXINXU-26FEB17H1600-T7424.9999", "trade_id": "544e42db-392d-4565-a145-2fddd87bc1d4", "yes_price": 1, "yes_price_dollars": "0.0100"}
{"count": 459, "count_fp": "459.00", "created_time": "2026-02-16T22:09:05.984941Z", "no_price": 99, "no_price_dollars": "0.9900", "price": 0.01, "taker_side": "no", "ticker": "KXINXU-26FEB17H1600-T7399.9999", "trade_id": "85764f4f-8a99-76c3-e386-50ce4111f730", "yes_price": 1, "yes_price_dollars": "0.0100"}
{"count": 459, "count_fp": "459.00", "created_time": "2026-02-16T22:18:59.846302Z", "no_price": 99, "no_price_dollars": "0.9900", "price": 0.01, "taker_side": "no", "ticker": "KXINXU-26FEB17H1600-T7374.9999", "trade_id": "7bcd7e90-5648-4a9b-af4a-73e2b57b9108", "yes_price": 1, "yes_price_dollars": "0.0100"}
{"count": 459, "count_fp": "459.00", "created_time": "2026-02-16T22:19:04.515212Z", "no_price": 99, "no_price_dollars": "0.9900", "price": 0.01, "taker_side": "no", "ticker": "KXINXU-26FEB17H1600-T7349.9999", "trade_id": "23b09aea-04c1-58f6-05bf-e1f0fa3a32a7", "yes_price": 1, "yes_price_dollars": "0.0100"}
{"count": 459, "count_fp": "459.00", "created_time": "2026-02-16T22:19:07.993473Z", "no_price": 99, "no_price_dollars": "0.9900", "price": 0.01, "taker_side": "no", "ticker": "KXINXU-26FEB17H1600-T7324.9999", "trade_id": "7bccf5b3-6d96-4e5b-bb28-a94402d6614c", "yes_price": 1, "yes_price_dollars": "0.0100"}
{"count": 459, "count_fp": "459.00", "created_time": "2026-02-16T22:09:05.708383Z", "no_price": 99, "no_price_dollars": "0.9900", "price": 0.01, "taker_side": "no", "ticker": "KXINXU-26FEB17H1600-T7299.9999", "trade_id": "f9d0ab3c-05e5-429d-715e-e4a05f9af599", "yes_price": 1, "yes_price_dollars": "0.0100"}
{"count": 459, "count_fp": "459.00", "created_time": "2026-02-16T22:19:18.92996Z", "no_price": 99, "no_price_dollars": "0.9900", "price": 0.01, "taker_side": "no", "ticker": "KXINXU-26FEB17H1600-T7274.9999", "trade_id": "fc9eee71-9d8a-468d-b9bb-3181b3eeb88b", "yes_price": 1, "yes_price_dollars": "0.0100"}
{"count": 459, "count_fp": "459.00", "created_time": "2026-02-16T22:19:23.460739Z", "no_price": 99, "no_price_dollars": "0.9900", "price": 0.01, "taker_side": "no", "ticker": "KXINXU-26FEB17H1600-T7249.9999", "trade_id": "b7d2c27c-ef46-4520-32c9-e0d568ec6e6f", "yes_price": 1, "yes_price_dollars": "0.0100"}
{"count": 459, "count_fp": "459.00", "created_time": "2026-02-16T22:19:30.478653Z", "no_price": 99, "no_price_dollars": "0.9900", "price": 0.01, "taker_side": "no", "ticker": "KXINXU-26FEB17H1600-T7224.9999", "trade_id": "d099671d-d275-73e2-7204-ca05983b19ff", "yes_price": 1, "yes_price_dollars": "0.0100"}
{"count": 459, "count_fp": "459.00", "created_time": "2026-02-16T22:09:05.507333Z", "no_price": 99, "no_price_dollars": "0.9900", "price": 0.01, "taker_side": "no", "ticker": "KXINXU-26FEB17H1600-T7199.9999", "trade_id": "d5dddb76-be59-759e-9d19-578a5e8656de", "yes_price": 1, "yes_price_dollars": "0.0100"}
{"count": 459, "count_fp": "459.00", "created_time": "2026-02-16T22:19:37.613914Z", "no_price": 99, "no_price_dollars": "0.9900", "price": 0.01, "taker_side": "no", "ticker": "KXINXU-26FEB17H1600-T7174.9999", "trade_id": "533fd7d9-67fd-4557-0edc-8847854f6047", "yes_price": 1, "yes_price_dollars": "0.0100"}
{"count": 459, "count_fp": "459.00", "created_time": "2026-02-16T22:19:46.895966Z", "no_price": 99, "no_price_dollars": "0.9900", "price": 0.01, "taker_side": "no", "ticker": "KXINXU-26FEB17H1600-T7149.9999", "trade_id": "b6c07393-e13c-70f5-911e-a8fabd9f9860", "yes_price": 1, "yes_price_dollars": "0.0100"}
{"count": 459, "count_fp": "459.00", "created_time": "2026-02-16T22:19:50.252597Z", "no_price": 99, "no_price_dollars": "0.9900", "price": 0.01, "taker_side": "no", "ticker": "KXINXU-26FEB17H1600-T7124.9999", "trade_id": "f2a5fb7a-2272-4a1f-eb0d-d276ab4ef316", "yes_price": 1, "yes_price_dollars": "0.0100"}
{"count": 459, "count_fp": "459.00", "created_time": "2026-02-16T22:09:05.441277Z", "no_price": 99, "no_price_dollars": "0.9900", "price": 0.01, "taker_side": "no", "ticker": "KXINXU-26FEB17H1600-T7099.9999", "trade_id": "e6a92dff-2ddf-535e-aeb5-d6afff6dc65d", "yes_price": 1, "yes_price_dollars": "0.0100"}
{"count": 459, "count_fp": "459.00", "created_time": "2026-02-16T22:20:23.689697Z", "no_price": 99, "no_price_dollars": "0.9900", "price": 0.01, "taker_side": "no", "ticker": "KXINXU-26FEB17H1600-T7074.9999", "trade_id": "5a1055c0-44ac-6523-a408-87087b05a6fc", "yes_price": 1, "yes_price_dollars": "0.0100"}
{"count": 459, "count_fp": "459.00", "created_time": "2026-02-16T22:20:48.104992Z", "no_price": 99, "no_price_dollars": "0.9900", "price": 0.01, "taker_side": "no", "ticker": "KXINXU-26FEB17H1600-T7049.9999", "trade_id": "0dcbb744-f094-6908-13e0-6245eb817aad", "yes_price": 1, "yes_price_dollars": "0.0100"}
{"count": 3, "count_fp": "3.00", "created_time": "2026-02-16T23:12:13.626616Z", "no_price": 35, "no_price_dollars": "0.3500", "price": 0.65, "taker_side": "yes", "ticker": "KXINXU-26FEB17H1600-T6849.9999", "trade_id": "daaa86cb-35f0-5cf7-8604-9c0ff0451410", "yes_price": 65, "yes_price_dollars": "0.6500"}
{"count": 3, "count_fp": "3.00", "created_time": "2026-02-16T22:52:13.101078Z", "no_price": 15, "no_price_dollars": "0.1500", "price": 0.85, "taker_side": "yes", "ticker": "KXINXU-26FEB17H1600-T6849.9999", "trade_id": "016dd789-631a-5c59-7cf7-3d441833ad6c", "yes_price": 85, "yes_price_dollars": "0.8500"}
{"count": 4, "count_fp": "4.00", "created_time": "2026-02-16T23:13:06.226699Z", "no_price": 21, "no_price_dollars": "0.2100", "price": 0.79, "taker_side": "yes", "ticker": "KXINXU-26FEB17H1600-T6824.9999", "trade_id": "94ceb237-bd19-4c87-1f4b-cbfcac7f1a6e", "yes_price": 79, "yes_price_dollars": "0.7900"}
{"count": 1, "count_fp": "1.00", "created_time": "2026-02-16T22:40:12.293394Z", "no_price": 1, "no_price_dollars": "0.0100", "price": 0.99, "taker_side": "yes", "ticker": "KXINXU-26FEB17H1600-T6649.9999", "trade_id": "2d7b608e-f435-7736-b5be-6ae1ae03d67d", "yes_price": 99, "yes_price_dollars": "0.9900"}
{"count": 459, "count_fp": "459.00", "created_time": "2026-02-16T22:20:57.402249Z", "no_price": 1, "no_price_dollars": "0.0100", "price": 0.99, "taker_side": "yes", "ticker": "KXINXU-26FEB17H1600-T6624.9999", "trade_id": "621b65b1-e716-62e2-e49e-7bbb9563f143", "yes_price": 99, "yes_price_dollars": "0.9900"}
{"count": 459, "count_fp": "459.00", "created_time": "2026-02-16T22:20:09.359923Z", "no_price": 1, "no_price_dollars": "0.0100", "price": 0.99, "taker_side": "yes", "ticker": "KXINXU-26FEB17H1600-T6599.9999", "trade_id": "20c9094a-3d35-51ac-c99e-17ca38fc9eb5", "yes_price": 99, "yes_price_dollars": "0.9900"}
{"count": 459, "count_fp": "459.00", "created_time": "2026-02-16T22:18:16.014438Z", "no_price": 1, "no_price_dollars": "0.0100", "price": 0.99, "taker_side": "yes", "ticker": "KXINXU-26FEB17H1600-T6574.9999", "trade_id": "8dd0355a-95e4-73a6-8e52-f571a6c4b955", "yes_price": 99, "yes_price_dollars": "0.9900"}
{"count": 459, "count_fp": "459.00", "created_time": "2026-02-16T22:18:11.308281Z", "no_price": 1, "no_price_dollars": "0.0100", "price": 0.99, "taker_side": "yes", "ticker": "KXINXU-26FEB17H1600-T6549.9999", "trade_id": "b6d9ec8c-140f-5bae-d71f-7a091a957e36", "yes_price": 99, "yes_price_dollars": "0.9900"}
{"count": 459, "count_fp": "459.00", "created_time": "2026-02-16T22:18:01.684451Z", "no_price": 1, "no_price_dollars": "0.0100", "price": 0.99, "taker_side": "yes", "ticker": "KXINXU-26FEB17H1600-T6524.9999", "trade_id": "9a79025c-42c8-7467-7c8f-e9fd0eb7148f", "yes_price": 99, "yes_price_dollars": "0.9900"}
{"count": 459, "count_fp": "459.00", "created_time": "2026-02-16T22:17:55.129852Z", "no_price": 1, "no_price_dollars": "0.0100", "price": 0.99, "taker_side": "yes", "ticker": "KXINXU-26FEB17H1600-T6499.9999", "trade_id": "8758b697-19f3-7121-b4b9-c934a515a3aa", "yes_price": 99, "yes_price_dollars": "0.9900"}
{"count": 459, "count_fp": "459.00", "created_time": "2026-02-16T22:17:50.005558Z", "no_price": 1, "no_price_dollars": "0.0100", "price": 0.99, "taker_side": "yes", "ticker": "KXINXU-26FEB17H1600-T6474.9999", "trade_id": "92416d0f-d9d4-5551-aee4-0e40357fa196", "yes_price": 99, "yes_price_dollars": "0.9900"}
{"count": 459, "count_fp": "459.00", "created_time": "2026-02-16T22:17:41.848817Z", "no_price": 1, "no_price_dollars": "0.0100", "price": 0.99, "taker_side": "yes", "ticker": "KXINXU-26FEB17H1600-T6449.9999", "trade_id": "0537141f-12fc-730b-6aec-e2f695ceb084", "yes_price": 99, "yes_price_dollars": "0.9900"}
{"count": 459, "count_fp": "459.00", "created_time": "2026-02-16T22:17:37.967807Z", "no_price": 1, "no_price_dollars": "0.0100", "price": 0.99, "taker_side": "yes", "ticker": "KXINXU-26FEB17H1600-T6424.9999", "trade_id": "acd3135a-74c4-41c8-db57-d60c028b4ec1", "yes_price": 99, "yes_price_dollars": "0.9900"}
{"count": 459, "count_fp": "459.00", "created_time": "2026-02-16T22:09:05.340298Z", "no_price": 1, "no_price_dollars": "0.0100", "price": 0.99, "taker_side": "yes", "ticker": "KXINXU-26FEB17H1600-T6399.9999", "trade_id": "ae2ff0ab-f230-6040-9ba8-718b0a02f46b", "yes_price": 99, "yes_price_dollars": "0.9900"}
{"count": 459, "count_fp": "459.00", "created_time": "2026-02-16T22:17:25.530231Z", "no_price": 1, "no_price_dollars": "0.0100", "price": 0.99, "taker_side": "yes", "ticker": "KXINXU-26FEB17H1600-T6374.9999", "trade_id": "9eb2bc4c-60d1-5409-ac70-5998d14b3b5b", "yes_price": 99, "yes_price_dollars": "0.9900"}
{"count": 459, "count_fp": "459.00", "created_time": "2026-02-16T22:17:21.561773Z", "no_price": 1, "no_price_dollars": "0.0100", "price": 0.99, "taker_side": "yes", "ticker": "KXINXU-26FEB17H1600-T6349.9999", "trade_id": "c71fa132-59c2-4598-b02c-838853cedd0f", "yes_price": 99, "yes_price_dollars": "0.9900"}
{"count": 459, "count_fp": "459.00", "created_time": "2026-02-16T22:17:16.744617Z", "no_price": 1, "no_price_dollars": "0.0100", "price": 0.99, "taker_side": "yes", "ticker": "KXINXU-26FEB17H1600-T6324.9999", "trade_id": "7895c0b7-3291-5d3f-be10-dc2dec1fd840", "yes_price": 99, "yes_price_dollars": "0.9900"}
{"count": 459, "count_fp": "459.00", "created_time": "2026-02-16T22:09:05.068207Z", "no_price": 1, "no_price_dollars": "0.0100", "price": 0.99, "taker_side": "yes", "ticker": "KXINXU-26FEB17H1600-T6299.9999", "trade_id": "573c4d05-56a9-41dc-00a7-1383311bb9be", "yes_price": 99, "yes_price_dollars": "0.9900"}
{"count": 459, "count_fp": "459.00", "created_time": "2026-02-16T22:16:54.088142Z", "no_price": 1, "no_price_dollars": "0.0100", "price": 0.99, "taker_side": "yes", "ticker": "KXINXU-26FEB17H1600-T6274.9999", "trade_id": "8eea0d8b-37ad-77b9-7d00-b763def5a078", "yes_price": 99, "yes_price_dollars": "0.9900"}
{"count": 459, "count_fp": "459.00", "created_time": "2026-02-16T22:16:50.549046Z", "no_price": 1, "no_price_dollars": "0.0100", "price": 0.99, "taker_side": "yes", "ticker": "KXINXU-26FEB17H1600-T6249.9999", "trade_id": "58ca2921-39c4-485b-b09c-c1ba3543c460", "yes_price": 99, "yes_price_dollars": "0.9900"}
{"count": 459, "count_fp": "459.00", "created_time": "2026-02-16T22:16:46.13731Z", "no_price": 1, "no_price_dollars": "0.0100", "price": 0.99, "taker_side": "yes", "ticker": "KXINXU-26FEB17H1600-T6224.9999", "trade_id": "5b7b4672-7ca1-7306-2201-5f67645e4945", "yes_price": 99, "yes_price_dollars": "0.9900"}
{"count": 459, "count_fp": "459.00", "created_time": "2026-02-16T22:09:04.848526Z", "no_price": 1, "no_price_dollars": "0.0100", "price": 0.99, "taker_side": "yes", "ticker": "KXINXU-26FEB17H1600-T6199.9999", "trade_id": "36aa6e2d-3ddb-6d9b-9f41-2b98c23bdeaa", "yes_price": 99, "yes_price_dollars": "0.9900"}
{"count": 459, "count_fp": "459.00", "created_time": "2026-02-16T22:15:37.386049Z", "no_price": 1, "no_price_dollars": "0.0100", "price": 0.99, "taker_side": "yes", "ticker": "KXINXU-26FEB17H1600-T6174.9999", "trade_id": "5827a246-9f8a-6a7e-1ea3-a864f36fccdc", "yes_price": 99, "yes_price_dollars": "0.9900"}
{"count": 459, "count_fp": "459.00", "created_time": "2026-02-16T22:15:33.682523Z", "no_price": 1, "no_price_dollars": "0.0100", "price": 0.99, "taker_side": "yes", "ticker": "KXINXU-26FEB17H1600-T6149.9999", "trade_id": "5945adb6-5a38-6afb-84f3-b2f16096b606", "yes_price": 99, "yes_price_dollars": "0.9900"}
{"count": 459, "count_fp": "459.00", "created_time": "2026-02-16T22:15:28.91658Z", "no_price": 1, "no_price_dollars": "0.0100", "price": 0.99, "taker_side": "yes", "ticker": "KXINXU-26FEB17H1600-T6124.9999", "trade_id": "aec21195-079c-6cff-4bd7-e21451af0f6e", "yes_price": 99, "yes_price_dollars": "0.9900"}
{"count": 459, "count_fp": "459.00", "created_time": "2026-02-16T22:09:04.748543Z", "no_price": 1, "no_price_dollars": "0.0100", "price": 0.99, "taker_side": "yes", "ticker": "KXINXU-26FEB17H1600-T6099.9999", "trade_id": "a858e2d5-1154-6739-c5e2-a67ce548ac45", "yes_price": 99, "yes_price_dollars": "0.9900"}
{"count": 33, "count_fp": "33.00", "created_time": "2026-02-16T23:39:13.795952Z", "no_price": 1, "no_price_dollars": "0.0100", "price": 0.99, "taker_side": "no", "ticker": "KXINXU-26FEB17H1600-T6074.9999", "trade_id": "4401dd41-9720-4695-0f71-5eec14777b55", "yes_price": 99, "yes_price_dollars": "0.9900"}
{"count": 7, "count_fp": "7.00", "created_time": "2026-02-16T22:17:33.286231Z", "no_price": 1, "no_price_dollars": "0.0100", "price": 0.99, "taker_side": "no", "ticker": "KXINXU-26FEB17H1600-T6074.9999", "trade_id": "5cf84465-d5e4-5489-6b6e-5ff66f81567d", "yes_price": 99, "yes_price_dollars": "0.9900"}
{"count": 9, "count_fp": "9.00", "created_time": "2026-02-16T22:17:33.207961Z", "no_price": 1, "no_price_dollars": "0.0100", "price": 0.99, "taker_side": "no", "ticker": "KXINXU-26FEB17H1600-T6074.9999", "trade_id": "942fa529-3354-738d-bdb7-5999b4cb2739", "yes_price": 99, "yes_price_dollars": "0.9900"}
{"count": 438, "count_fp": "438.00", "created_time": "2026-02-16T22:09:04.635868Z", "no_price": 1, "no_price_dollars": "0.0100", "price": 0.99, "taker_side": "yes", "ticker": "KXINXU-26FEB17H1600-T6074.9999", "trade_id": "dd925d66-ed31-78b9-5b9d-65684416907b", "yes_price": 99, "yes_price_dollars": "0.9900"}
{"count": 7, "count_fp": "7.00", "created_time": "2026-02-16T22:05:04.824414Z", "no_price": 1, "no_price_dollars": "0.0100", "price": 0.99, "taker_side": "yes", "ticker": "KXINXU-26FEB17H1600-T6074.9999", "trade_id": "b97edeff-d5a9-6b99-f101-fdc350a431db", "yes_price": 99, "yes_price_dollars": "0.9900"}
{"count": 9, "count_fp": "9.00", "created_time": "2026-02-16T22:05:04.707399Z", "no_price": 1, "no_price_dollars": "0.0100", "price": 0.99, "taker_side": "yes", "ticker": "KXINXU-26FEB17H1600-T6074.9999", "trade_id": "972fea2b-b6c9-75e9-22d1-7380e69cb0ff", "yes_price": 99, "yes_price_dollars": "0.9900"}
{"count": 5, "count_fp": "5.00", "created_time": "2026-02-16T21:21:09.450408Z", "no_price": 1, "no_price_dollars": "0.0100", "price": 0.99, "taker_side": "yes", "ticker": "KXINXU-26FEB17H1600-T6074.9999", "trade_id": "a27204c6-649d-5731-3783-554643edd2f7", "yes_price": 99, "yes_price_dollars": "0.9900"}
{"count": 27, "count_fp": "27.00", "created_time": "2026-02-16T23:58:55.625337Z", "no_price": 34, "no_price_dollars": "0.3400", "price": 0.66, "taker_side": "yes", "ticker": "KXINXPOS-26DEC31H1900-T6845.5", "trade_id": "6d4aa8d1-9f92-4574-3b20-8d55c21f65f4", "yes_price": 66, "yes_price_dollars": "0.6600"}
{"count": 4, "count_fp": "4.00", "created_time": "2026-02-16T22:54:20.892448Z", "no_price": 34, "no_price_dollars": "0.3400", "price": 0.66, "taker_side": "yes", "ticker": "KXINXPOS-26DEC31H1900-T6845.5", "trade_id": "d99ae35a-33fe-5100-d81f-9bf8199722ec", "yes_price": 66, "yes_price_dollars": "0.6600"}
{"count": 1, "count_fp": "1.00", "created_time": "2026-02-16T22:38:45.011999Z", "no_price": 38, "no_price_dollars": "0.3800", "price": 0.62, "taker_side": "no", "ticker": "KXINXPOS-26DEC31H1900-T6845.5", "trade_id": "1798f1b5-b36e-7f5a-5ae1-79d193da6ccd", "yes_price": 62, "yes_price_dollars": "0.6200"}
{"count": 1, "count_fp": "1.00", "created_time": "2026-02-16T22:21:51.326113Z", "no_price": 34, "no_price_dollars": "0.3400", "price": 0.66, "taker_side": "yes", "ticker": "KXINXPOS-26DEC31H1900-T6845.5", "trade_id": "d8ba502f-549a-5ea8-8a6a-ff4c11ce64d0", "yes_price": 66, "yes_price_dollars": "0.6600"}
{"count": 32, "count_fp": "32.00", "created_time": "2026-02-16T21:16:25.966487Z", "no_price": 38, "no_price_dollars": "0.3800", "price": 0.62, "taker_side": "no", "ticker": "KXINXPOS-26DEC31H1900-T6845.5", "trade_id": "451c7b91-af42-63fa-d62f-30118ce40e39", "yes_price": 62, "yes_price_dollars": "0.6200"}
{"count": 10, "count_fp": "10.00", "created_time": "2026-02-16T20:49:56.556797Z", "no_price": 35, "no_price_dollars": "0.3500", "price": 0.65, "taker_side": "yes", "ticker": "KXINXPOS-26DEC31H1900-T6845.5", "trade_id": "abc04ce0-d4a7-57ad-21fc-fba6f5397196", "yes_price": 65, "yes_price_dollars": "0.6500"}
{"count": 100, "count_fp": "100.00", "created_time": "2026-02-16T19:51:01.869944Z", "no_price": 38, "no_price_dollars": "0.3800", "price": 0.62, "taker_side": "no", "ticker": "KXINXPOS-26DEC31H1900-T6845.5", "trade_id": "2b7524a6-21ee-71aa-2448-441d82d0ff55", "yes_price": 62, "yes_price_dollars": "0.6200"}
{"count": 1000, "count_fp": "1000.00", "created_time": "2026-02-16T18:42:22.003288Z", "no_price": 34, "no_price_dollars": "0.3400", "price": 0.66, "taker_side": "yes", "ticker": "KXINXPOS-26DEC31H1900-T6845.5", "trade_id": "86e7d900-1cfd-734c-81cb-d12b5db6ecf9", "yes_price": 66, "yes_price_dollars": "0.6600"}
{"count": 275, "count_fp": "275.00", "created_time": "2026-02-16T18:42:13.458388Z", "no_price": 35, "no_price_dollars": "0.3500", "price": 0.65, "taker_side": "yes", "ticker": "KXINXPOS-26DEC31H1900-T6845.5", "trade_id": "47c8c601-2582-749e-7f90-82360dda2f47", "yes_price": 65, "yes_price_dollars": "0.6500"}
{"count": 36, "count_fp": "36.00", "created_time": "2026-02-16T18:42:05.230193Z", "no_price": 36, "no_price_dollars": "0.3600", "price": 0.64, "taker_side": "yes", "ticker": "KXINXPOS-26DEC31H1900-T6845.5", "trade_id": "a59c539a-e00d-71b7-cb4e-f47a89e093b3", "yes_price": 64, "yes_price_dollars": "0.6400"}
{"count": 34, "count_fp": "34.00", "created_time": "2026-02-16T18:42:05.230193Z", "no_price": 36, "no_price_dollars": "0.3600", "price": 0.64, "taker_side": "yes", "ticker": "KXINXPOS-26DEC31H1900-T6845.5", "trade_id": "37e96e1d-8a38-79aa-c74c-30ad993c5d2b", "yes_price": 64, "yes_price_dollars": "0.6400"}
{"count": 36, "count_fp": "36.00", "created_time": "2026-02-16T18:41:55.391628Z", "no_price": 37, "no_price_dollars": "0.3700", "price": 0.63, "taker_side": "yes", "ticker": "KXINXPOS-26DEC31H1900-T6845.5", "trade_id": "152bd64d-ce77-6490-ba16-9b01014fea2a", "yes_price": 63, "yes_price_dollars": "0.6300"}
{"count": 280, "count_fp": "280.00", "created_time": "2026-02-16T18:41:41.945805Z", "no_price": 38, "no_price_dollars": "0.3800", "price": 0.62, "taker_side": "yes", "ticker": "KXINXPOS-26DEC31H1900-T6845.5", "trade_id": "ceb44327-67cc-4df4-1dd3-aaabe2e7c861", "yes_price": 62, "yes_price_dollars": "0.6200"}
{"count": 46, "count_fp": "46.00", "created_time": "2026-02-16T18:41:41.945805Z", "no_price": 38, "no_price_dollars": "0.3800", "price": 0.62, "taker_side": "yes", "ticker": "KXINXPOS-26DEC31H1900-T6845.5", "trade_id": "0d315134-f9dc-4f09-3ee2-ff7af4dcd77a", "yes_price": 62, "yes_price_dollars": "0.6200"}
{"count": 25, "count_fp": "25.00", "created_time": "2026-02-16T18:40:29.18832Z", "no_price": 39, "no_price_dollars": "0.3900", "price": 0.61, "taker_side": "no", "ticker": "KXINXPOS-26DEC31H1900-T6845.5", "trade_id": "7087bf66-14d8-41c3-0af2-6f5ebce5e00c", "yes_price": 61, "yes_price_dollars": "0.6100"}
{"count": 100, "count_fp": "100.00", "created_time": "2026-02-16T16:48:03.236124Z", "no_price": 38, "no_price_dollars": "0.3800", "price": 0.62, "taker_side": "yes", "ticker": "KXINXPOS-26DEC31H1900-T6845.5", "trade_id": "7154ac43-9de0-6ffc-95b4-b3bf627507f1", "yes_price": 62, "yes_price_dollars": "0.6200"}
{"count": 31, "count_fp": "31.00", "created_time": "2026-02-16T16:48:00.887035Z", "no_price": 38, "no_price_dollars": "0.3800", "price": 0.62, "taker_side": "yes", "ticker": "KXINXPOS-26DEC31H1900-T6845.5", "trade_id": "43088ff8-e5e0-44d0-ba94-96fbcc01640d", "yes_price": 62, "yes_price_dollars": "0.6200"}
{"count": 166, "count_fp": "166.00", "created_time": "2026-02-16T16:09:31.541075Z", "no_price": 39, "no_price_dollars": "0.3900", "price": 0.61, "taker_side": "no", "ticker": "KXINXPOS-26DEC31H1900-T6845.5", "trade_id": "983258dd-3453-4ffe-b730-39b8e3fb23a9", "yes_price": 61, "yes_price_dollars": "0.6100"}
{"count": 84, "count_fp": "84.00", "created_time": "2026-02-16T16:09:31.541075Z", "no_price": 39, "no_price_dollars": "0.3900", "price": 0.61, "taker_side": "no", "ticker": "KXINXPOS-26DEC31H1900-T6845.5", "trade_id": "4ec915e5-9c34-4b73-929c-0f07b3a80134", "yes_price": 61, "yes_price_dollars": "0.6100"}
{"count": 7, "count_fp": "7.00", "created_time": "2026-02-16T16:05:00.290892Z", "no_price": 38, "no_price_dollars": "0.3800", "price": 0.62, "taker_side": "yes", "ticker": "KXINXPOS-26DEC31H1900-T6845.5", "trade_id": "26005a61-00f8-5a3c-b9f7-07c0b645e5ed", "yes_price": 62, "yes_price_dollars": "0.6200"}
{"count": 31, "count_fp": "31.00", "created_time": "2026-02-16T15:53:02.452972Z", "no_price": 38, "no_price_dollars": "0.3800", "price": 0.62, "taker_side": "yes", "ticker": "KXINXPOS-26DEC31H1900-T6845.5", "trade_id": "c42704b4-2d14-7ea8-32b0-4a323b73c525", "yes_price": 62, "yes_price_dollars": "0.6200"}
{"count": 15, "count_fp": "15.00", "created_time": "2026-02-16T15:19:07.939122Z", "no_price": 38, "no_price_dollars": "0.3800", "price": 0.62, "taker_side": "yes", "ticker": "KXINXPOS-26DEC31H1900-T6845.5", "trade_id": "244c073c-955c-6f10-2fd9-32ec89684ee1", "yes_price": 62, "yes_price_dollars": "0.6200"}
{"count": 4, "count_fp": "4.00", "created_time": "2026-02-16T14:57:41.474993Z", "no_price": 38, "no_price_dollars": "0.3800", "price": 0.62, "taker_side": "yes", "ticker": "KXINXPOS-26DEC31H1900-T6845.5", "trade_id": "f7e6e2cb-f8cc-48dc-1ac2-7f3a96cc13cd", "yes_price": 62, "yes_price_dollars": "0.6200"}
{"count": 15, "count_fp": "15.00", "created_time": "2026-02-16T14:57:25.285749Z", "no_price": 38, "no_price_dollars": "0.3800", "price": 0.62, "taker_side": "yes", "ticker": "KXINXPOS-26DEC31H1900-T6845.5", "trade_id": "dfd9f3aa-f8b0-7318-0f14-c9324973d4dd", "yes_price": 62, "yes_price_dollars": "0.6200"}
{"count": 15, "count_fp": "15.00", "created_time": "2026-02-16T13:55:29.288154Z", "no_price": 38, "no_price_dollars": "0.3800", "price": 0.62, "taker_side": "yes", "ticker": "KXINXPOS-26DEC31H1900-T6845.5", "trade_id": "3147aa83-da48-7af0-2352-07dfbe9926cd", "yes_price": 62, "yes_price_dollars": "0.6200"}
{"count": 1, "count_fp": "1.00", "created_time": "2026-02-16T12:38:37.998427Z", "no_price": 38, "no_price_dollars": "0.3800", "price": 0.62, "taker_side": "no", "ticker": "KXINXPOS-26DEC31H1900-T6845.5", "trade_id": "a1df21e5-fccc-4411-e883-cd937310ce08", "yes_price": 62, "yes_price_dollars": "0.6200"}
{"count": 1, "count_fp": "1.00", "created_time": "2026-02-16T12:38:37.998427Z", "no_price": 38, "no_price_dollars": "0.3800", "price": 0.62, "taker_side": "no", "ticker": "KXINXPOS-26DEC31H1900-T6845.5", "trade_id": "1e5d098a-a41d-488e-ebe1-2ca85ca3ec6f", "yes_price": 62, "yes_price_dollars": "0.6200"}
{"count": 10, "count_fp": "10.00", "created_time": "2026-02-16T12:08:22.401765Z", "no_price": 38, "no_price_dollars": "0.3800", "price": 0.62, "taker_side": "no", "ticker": "KXINXPOS-26DEC31H1900-T6845.5", "trade_id": "e644a219-c87e-535f-4850-80087a025539", "yes_price": 62, "yes_price_dollars": "0.6200"}
{"count": 3, "count_fp": "3.00", "created_time": "2026-02-16T12:08:22.401765Z", "no_price": 38, "no_price_dollars": "0.3800", "price": 0.62, "taker_side": "no", "ticker": "KXINXPOS-26DEC31H1900-T6845.5", "trade_id": "7acd4187-c8e1-53ca-749b-247d81830ecb", "yes_price": 62, "yes_price_dollars": "0.6200"}
{"count": 5, "count_fp": "5.00", "created_time": "2026-02-16T12:08:22.401765Z", "no_price": 38, "no_price_dollars": "0.3800", "price": 0.62, "taker_side": "no", "ticker": "KXINXPOS-26DEC31H1900-T6845.5", "trade_id": "339ad9e2-35e2-5bb1-4e1b-310129c5bab2", "yes_price": 62, "yes_price_dollars": "0.6200"}
{"count": 1, "count_fp": "1.00", "created_time": "2026-02-16T12:08:22.401765Z", "no_price": 38, "no_price_dollars": "0.3800", "price": 0.62, "taker_side": "no", "ticker": "KXINXPOS-26DEC31H1900-T6845.5", "trade_id": "2c8fed9b-b470-5755-5a75-94fcecc81a95", "yes_price": 62, "yes_price_dollars": "0.6200"}
{"count": 19, "count_fp": "19.00", "created_time": "2026-02-16T12:08:22.401765Z", "no_price": 38, "no_price_dollars": "0.3800", "price": 0.62, "taker_side": "no", "ticker": "KXINXPOS-26DEC31H1900-T6845.5", "trade_id": "268d8d29-2462-52ed-6fe1-ad39a98436d9", "yes_price": 62, "yes_price_dollars": "0.6200"}
{"count": 8, "count_fp": "8.00", "created_time": "2026-02-16T09:55:23.37071Z", "no_price": 38, "no_price_dollars": "0.3800", "price": 0.62, "taker_side": "no", "ticker": "KXINXPOS-26DEC31H1900-T6845.5", "trade_id": "c0610d00-2df2-4489-4edd-35fd8c00b311", "yes_price": 62, "yes_price_dollars": "0.6200"}
{"count": 7, "count_fp": "7.00", "created_time": "2026-02-16T09:29:19.533856Z", "no_price": 38, "no_price_dollars": "0.3800", "price": 0.62, "taker_side": "no", "ticker": "KXINXPOS-26DEC31H1900-T6845.5", "trade_id": "504f470c-29d2-7ac5-d7ad-a1804212e14d", "yes_price": 62, "yes_price_dollars": "0.6200"}
{"count": 1, "count_fp": "1.00", "created_time": "2026-02-16T06:03:16.943447Z", "no_price": 38, "no_price_dollars": "0.3800", "price": 0.62, "taker_side": "no", "ticker": "KXINXPOS-26DEC31H1900-T6845.5", "trade_id": "fe8ad2a1-8fd6-5fa1-411d-97a91a9c998d", "yes_price": 62, "yes_price_dollars": "0.6200"}
{"count": 4, "count_fp": "4.00", "created_time": "2026-02-16T06:03:16.943447Z", "no_price": 38, "no_price_dollars": "0.3800", "price": 0.62, "taker_side": "no", "ticker": "KXINXPOS-26DEC31H1900-T6845.5", "trade_id": "cae24926-c152-5e2f-54f3-3eef4f331de7", "yes_price": 62, "yes_price_dollars": "0.6200"}
{"count": 15, "count_fp": "15.00", "created_time": "2026-02-16T05:14:54.218174Z", "no_price": 36, "no_price_dollars": "0.3600", "price": 0.64, "taker_side": "yes", "ticker": "KXINXPOS-26DEC31H1900-T6845.5", "trade_id": "768d4823-5a8d-4a5b-626b-1efaa5ebc994", "yes_price": 64, "yes_price_dollars": "0.6400"}
{"count": 14, "count_fp": "14.00", "created_time": "2026-02-16T04:28:44.974167Z", "no_price": 36, "no_price_dollars": "0.3600", "price": 0.64, "taker_side": "yes", "ticker": "KXINXPOS-26DEC31H1900-T6845.5", "trade_id": "93da6c00-f2d3-41f3-0e52-858e6eabc38d", "yes_price": 64, "yes_price_dollars": "0.6400"}
{"count": 1, "count_fp": "1.00", "created_time": "2026-02-16T04:28:44.974167Z", "no_price": 36, "no_price_dollars": "0.3600", "price": 0.64, "taker_side": "yes", "ticker": "KXINXPOS-26DEC31H1900-T6845.5", "trade_id": "673e00f5-1851-48bf-2b07-71aec51d2818", "yes_price": 64, "yes_price_dollars": "0.6400"}
{"count": 2, "count_fp": "2.00", "created_time": "2026-02-16T04:03:12.331265Z", "no_price": 38, "no_price_dollars": "0.3800", "price": 0.62, "taker_side": "no", "ticker": "KXINXPOS-26DEC31H1900-T6845.5", "trade_id": "2a2a8ed3-f882-48d3-a70d-bf004271b28b", "yes_price": 62, "yes_price_dollars": "0.6200"}
{"count": 17, "count_fp": "17.00", "created_time": "2026-02-16T02:27:45.627967Z", "no_price": 36, "no_price_dollars": "0.3600", "price": 0.64, "taker_side": "yes", "ticker": "KXINXPOS-26DEC31H1900-T6845.5", "trade_id": "efc8ef88-1c8a-7ed4-df61-0b1991e1fb62", "yes_price": 64, "yes_price_dollars": "0.6400"}
{"count": 21, "count_fp": "21.00", "created_time": "2026-02-16T02:27:45.627967Z", "no_price": 36, "no_price_dollars": "0.3600", "price": 0.64, "taker_side": "yes", "ticker": "KXINXPOS-26DEC31H1900-T6845.5", "trade_id": "3b1c02d8-4d9b-7443-e673-613d7b403305", "yes_price": 64, "yes_price_dollars": "0.6400"}
{"count": 14, "count_fp": "14.00", "created_time": "2026-02-16T01:18:11.661895Z", "no_price": 36, "no_price_dollars": "0.3600", "price": 0.64, "taker_side": "yes", "ticker": "KXINXPOS-26DEC31H1900-T6845.5", "trade_id": "5c1acab0-e27a-4cac-042b-9169de131ab2", "yes_price": 64, "yes_price_dollars": "0.6400"}
{"count": 18, "count_fp": "18.00", "created_time": "2026-02-16T01:17:58.019749Z", "no_price": 37, "no_price_dollars": "0.3700", "price": 0.63, "taker_side": "yes", "ticker": "KXINXPOS-26DEC31H1900-T6845.5", "trade_id": "446869e3-f5d1-5cd1-e34e-60bd063f9db2", "yes_price": 63, "yes_price_dollars": "0.6300"}
{"count": 18, "count_fp": "18.00", "created_time": "2026-02-16T01:17:45.73906Z", "no_price": 37, "no_price_dollars": "0.3700", "price": 0.63, "taker_side": "yes", "ticker": "KXINXPOS-26DEC31H1900-T6845.5", "trade_id": "6ac8f51c-b919-5b5f-0d67-52482f888c20", "yes_price": 63, "yes_price_dollars": "0.6300"}
{"count": 270, "count_fp": "270.00", "created_time": "2026-02-16T00:24:33.312227Z", "no_price": 39, "no_price_dollars": "0.3900", "price": 0.61, "taker_side": "no", "ticker": "KXINXPOS-26DEC31H1900-T6845.5", "trade_id": "514d3335-548f-7c7d-5f1d-bd1ff4db78c9", "yes_price": 61, "yes_price_dollars": "0.6100"}
{"count": 339, "count_fp": "339.00", "created_time": "2026-02-16T00:24:33.312227Z", "no_price": 39, "no_price_dollars": "0.3900", "price": 0.61, "taker_side": "no", "ticker": "KXINXPOS-26DEC31H1900-T6845.5", "trade_id": "2f9e255e-3a83-7a0e-5313-a19c000b0325", "yes_price": 61, "yes_price_dollars": "0.6100"}
{"count": 16, "count_fp": "16.00", "created_time": "2026-02-16T00:24:25.127168Z", "no_price": 38, "no_price_dollars": "0.3800", "price": 0.62, "taker_side": "no", "ticker": "KXINXPOS-26DEC31H1900-T6845.5", "trade_id": "8e7689eb-5012-725a-d2bd-f47a8c9e65af", "yes_price": 62, "yes_price_dollars": "0.6200"}
{"count": 93, "count_fp": "93.00", "created_time": "2026-02-16T00:24:25.127168Z", "no_price": 38, "no_price_dollars": "0.3800", "price": 0.62, "taker_side": "no", "ticker": "KXINXPOS-26DEC31H1900-T6845.5", "trade_id": "639ba960-ff8a-7d9c-e119-117ee8ae6518", "yes_price": 62, "yes_price_dollars": "0.6200"}
{"count": 1, "count_fp": "1.00", "created_time": "2026-02-16T00:24:25.127168Z", "no_price": 38, "no_price_dollars": "0.3800", "price": 0.62, "taker_side": "no", "ticker": "KXINXPOS-26DEC31H1900-T6845.5", "trade_id": "6397af1c-1714-7f5e-fc04-1c90196e2934", "yes_price": 62, "yes_price_dollars": "0.6200"}
{"count": 24, "count_fp": "24.00", "created_time": "2026-02-16T00:24:25.127168Z", "no_price": 38, "no_price_dollars": "0.3800", "price": 0.62, "taker_side": "no", "ticker": "KXINXPOS-26DEC31H1900-T6845.5", "trade_id": "3b426aba-1500-7292-db5c-e201c9be50a7", "yes_price": 62, "yes_price_dollars": "0.6200"}
{"count": 15, "count_fp": "15.00", "created_time": "2026-02-16T00:24:25.127168Z", "no_price": 38, "no_price_dollars": "0.3800", "price": 0.62, "taker_side": "no", "ticker": "KXINXPOS-26DEC31H1900-T6845.5", "trade_id": "375b678e-b4e3-7698-e188-33ee5812febf", "yes_price": 62, "yes_price_dollars": "0.6200"}
{"count": 25, "count_fp": "25.00", "created_time": "2026-02-16T00:24:25.127168Z", "no_price": 38, "no_price_dollars": "0.3800", "price": 0.62, "taker_side": "no", "ticker": "KXINXPOS-26DEC31H1900-T6845.5", "trade_id": "1f3b23a0-9634-70e0-fca3-6de3d5590397", "yes_price": 62, "yes_price_dollars": "0.6200"}
{"count": 21, "count_fp": "21.00", "created_time": "2026-02-16T00:06:25.492735Z", "no_price": 38, "no_price_dollars": "0.3800", "price": 0.62, "taker_side": "no", "ticker": "KXINXPOS-26DEC31H1900-T6845.5", "trade_id": "ebaa6701-cdd0-7850-7037-228778567fbf", "yes_price": 62, "yes_price_dollars": "0.6200"}
{"count": 4, "count_fp": "4.00", "created_time": "2026-02-16T00:06:25.492735Z", "no_price": 38, "no_price_dollars": "0.3800", "price": 0.62, "taker_side": "no", "ticker": "KXINXPOS-26DEC31H1900-T6845.5", "trade_id": "6eeb0889-d97f-71e7-7734-e55c0f515e22", "yes_price": 62, "yes_price_dollars": "0.6200"}
