{"count": 50, "count_fp": "50.00", "created_time": "2026-02-13T19:41:46.62558Z", "no_price": 99, "no_price_dollars": "0.9900", "price": 0.01, "taker_side": "yes", "ticker": "KXINX-26FEB13H1600-T7124.9999", "trade_id": "473f23ee-3d2c-569c-2db1-a5180ebb0d12", "yes_price": 1, "yes_price_dollars": "0.0100"}
{"count": 50, "count_fp": "50.00", "created_time": "2026-02-13T19:06:30.945725Z", "no_price": 99, "no_price_dollars": "0.9900", "price": 0.01, "taker_side": "yes", "ticker": "KXINX-26FEB13H1600-T7124.9999", "trade_id": "1d2ef727-d5ac-5c9c-a17b-0fb5bbde3f26", "yes_price": 1, "yes_price_dollars": "0.0100"}
{"count": 50, "count_fp": "50.00", "created_time": "2026-02-13T19:03:43.514682Z", "no_price": 99, "no_price_dollars": "0.9900", "price": 0.01, "taker_side": "yes", "ticker": "KXINX-26FEB13H1600-T7124.9999", "trade_id": "b855308c-c3e0-6554-b073-b723fe0cb29e", "yes_price": 1, "yes_price_dollars": "0.0100"}
{"count": 50, "count_fp": "50.00", "created_time": "2026-02-13T18:00:59.162576Z", "no_price": 99, "no_price_dollars": "0.9900", "price": 0.01, "taker_side": "yes", "ticker": "KXINX-26FEB13H1600-T7124.9999", "trade_id": "da2e59a8-a3e8-4b70-5c52-6b8dec4b5456", "yes_price": 1, "yes_price_dollars": "0.0100"}
{"count": 50, "count_fp": "50.00", "created_time": "2026-02-13T16:57:24.781634Z", "no_price": 99, "no_price_dollars": "0.9900", "price": 0.01, "taker_side": "yes", "ticker": "KXINX-26FEB13H1600-T7124.9999", "trade_id": "edbb9299-d954-48c8-7e3c-6acb072f9f6a", "yes_price": 1, "yes_price_dollars": "0.0100"}
{"count": 50, "count_fp": "50.00", "created_time": "2026-02-13T16:55:18.658385Z", "no_price": 99, "no_price_dollars": "0.9900", "price": 0.01, "taker_side": "yes", "ticker": "KXINX-26FEB13H1600-T7124.9999", "trade_id": "3028b2a8-3184-63cc-61ee-4a4ec847e42e", "yes_price": 1, "yes_price_dollars": "0.0100"}
{"count": 50, "count_fp": "50.00", "created_time": "2026-02-13T16:53:23.272107Z", "no_price": 99, "no_price_dollars": "0.9900", "price": 0.01, "taker_side": "yes", "ticker": "KXINX-26FEB13H1600-T7124.9999", "trade_id": "2fde7b16-3cec-723c-b8aa-c54096d597d2", "yes_price": 1, "yes_price_dollars": "0.0100"}
{"count": 50, "count_fp": "50.00", "created_time": "2026-02-13T16:09:52.532226Z", "no_price": 99, "no_price_dollars": "0.9900", "price": 0.01, "taker_side": "yes", "ticker": "KXINX-26FEB13H1600-T7124.9999", "trade_id": "ca6b631d-7abc-53a8-dbcd-c807d82e4526", "yes_price": 1, "yes_price_dollars": "0.0100"}
{"count": 10, "count_fp": "10.00", "created_time": "2026-02-13T10:11:07.463975Z", "no_price": 99, "no_price_dollars": "0.9900", "price": 0.01, "taker_side": "yes", "ticker": "KXINX-26FEB13H1600-T7124.9999", "trade_id": "a0742e16-da20-55e4-a3d1-5b7ce8ecf42e", "yes_price": 1, "yes_price_dollars": "0.0100"}
{"count": 334, "count_fp": "334.00", "created_time": "2026-02-13T04:33:30.420276Z", "no_price": 99, "no_price_dollars": "0.9900", "price": 0.01, "taker_side": "yes", "ticker": "KXINX-26FEB13H1600-T7124.9999", "trade_id": "4915de5e-b418-67c4-0106-30c7c2014b8a", "yes_price": 1, "yes_price_dollars": "0.0100"}
{"count": 10, "count_fp": "10.00", "created_time": "2026-02-13T13:12:07.792943Z", "no_price": 99, "no_price_dollars": "0.9900", "price": 0.01, "taker_side": "no", "ticker": "KXINX-26FEB13H1600-T6425", "trade_id": "9a4cefb0-9818-412c-4c78-f2df427a2286", "yes_price": 1, "yes_price_dollars": "0.0100"}
{"count": 10, "count_fp": "10.00", "created_time": "2026-02-13T13:12:07.792943Z", "no_price": 99, "no_price_dollars": "0.9900", "price": 0.01, "taker_side": "no", "ticker": "KXINX-26FEB13H1600-T6425", "trade_id": "155cdf73-1faf-42f8-7aae-03ce6043d3b0", "yes_price": 1, "yes_price_dollars": "0.0100"}
{"count": 241, "count_fp": "241.00", "created_time": "2026-02-13T05:16:39.214699Z", "no_price": 98, "no_price_dollars": "0.9800", "price": 0.02, "taker_side": "yes", "ticker": "KXINX-26FEB13H1600-T6425", "trade_id": "6529b81f-70a6-75bd-498f-602b475066ae", "yes_price": 2, "yes_price_dollars": "0.0200"}
{"count": 1, "count_fp": "1.00", "created_time": "2026-02-13T01:53:27.611451Z", "no_price": 99, "no_price_dollars": "0.9900", "price": 0.01, "taker_side": "yes", "ticker": "KXINX-26FEB13H1600-T6425", "trade_id": "ebc959eb-a8e8-7436-7906-b6b9617be3a1", "yes_price": 1, "yes_price_dollars": "0.0100"}
{"count": 236, "count_fp": "236.00", "created_time": "2026-02-13T01:53:27.611451Z", "no_price": 98, "no_price_dollars": "0.9800", "price": 0.02, "taker_side": "yes", "ticker": "KXINX-26FEB13H1600-T6425", "trade_id": "7711fcca-117a-7551-44c8-43898f835902", "yes_price": 2, "yes_price_dollars": "0.0200"}
{"count": 8, "count_fp": "8.00", "created_time": "2026-02-13T01:53:27.611451Z", "no_price": 99, "no_price_dollars": "0.9900", "price": 0.01, "taker_side": "yes", "ticker": "KXINX-26FEB13H1600-T6425", "trade_id": "4c8835a3-02a4-7c35-7692-26ff1672789d", "yes_price": 1, "yes_price_dollars": "0.0100"}
{"count": 20, "count_fp": "20.00", "created_time": "2026-02-13T14:33:36.016086Z", "no_price": 99, "no_price_dollars": "0.9900", "price": 0.01, "taker_side": "yes", "ticker": "KXINX-26FEB13H1600-B7112", "trade_id": "a174f307-1bc5-74f6-b03f-5f2af980d59c", "yes_price": 1, "yes_price_dollars": "0.0100"}
{"count": 4, "count_fp": "4.00", "created_time": "2026-02-13T14:33:36.016086Z", "no_price": 99, "no_price_dollars": "0.9900", "price": 0.01, "taker_side": "yes", "ticker": "KXINX-26FEB13H1600-B7112", "trade_id": "72c3468c-2d82-789b-968d-59fd2484d989", "yes_price": 1, "yes_price_dollars": "0.0100"}
{"count": 4, "count_fp": "4.00", "created_time": "2026-02-13T14:33:36.016086Z", "no_price": 99, "no_price_dollars": "0.9900", "price": 0.01, "taker_side": "yes", "ticker": "KXINX-26FEB13H1600-B7112", "trade_id": "6dcb0efe-d3e5-726d-8f85-e1720206fd42", "yes_price": 1, "yes_price_dollars": "0.0100"}
{"count": 20, "count_fp": "20.00", "created_time": "2026-02-13T14:33:36.016086Z", "no_price": 99, "no_price_dollars": "0.9900", "price": 0.01, "taker_side": "yes", "ticker": "KXINX-26FEB13H1600-B7112", "trade_id": "575a7ffa-7d88-7926-873e-c6da971f1be1", "yes_price": 1, "yes_price_dollars": "0.0100"}
{"count": 19, "count_fp": "19.00", "created_time": "2026-02-13T03:01:56.803077Z", "no_price": 91, "no_price_dollars": "0.9100", "price": 0.09, "taker_side": "yes", "ticker": "KXINX-26FEB13H1600-B7087", "trade_id": "97eb653e-3588-6d9f-f12d-f3c827402bdc", "yes_price": 9, "yes_price_dollars": "0.0900"}
{"count": 20, "count_fp": "20.00", "created_time": "2026-02-13T03:01:56.803077Z", "no_price": 99, "no_price_dollars": "0.9900", "price": 0.01, "taker_side": "yes", "ticker": "KXINX-26FEB13H1600-B7087", "trade_id": "7208c017-7f74-61f8-c168-c56804a65a70", "yes_price": 1, "yes_price_dollars": "0.0100"}
{"count": 322, "count_fp": "322.00", "created_time": "2026-02-13T17:04:23.8152Z", "no_price": 97, "no_price_dollars": "0.9700", "price": 0.03, "taker_side": "yes", "ticker": "KXINX-26FEB13H1600-B7062", "trade_id": "6022ea3b-c5fd-68e7-d4f6-e72b7fdf5a06", "yes_price": 3, "yes_price_dollars": "0.0300"}
{"count": 10, "count_fp": "10.00", "created_time": "2026-02-13T03:10:03.092529Z", "no_price": 92, "no_price_dollars": "0.9200", "price": 0.08, "taker_side": "yes", "ticker": "KXINX-26FEB13H1600-B7062", "trade_id": "8c5e7b3d-d763-6539-423f-bbadc4fdc47d", "yes_price": 8, "yes_price_dollars": "0.0800"}
{"count": 20, "count_fp": "20.00", "created_time": "2026-02-13T01:13:52.085646Z", "no_price": 99, "no_price_dollars": "0.9900", "price": 0.01, "taker_side": "yes", "ticker": "KXINX-26FEB13H1600-B7037", "trade_id": "a16baca0-49de-679a-5ba1-faf08a0b4edc", "yes_price": 1, "yes_price_dollars": "0.0100"}
{"count": 50, "count_fp": "50.00", "created_time": "2026-02-13T16:12:11.766647Z", "no_price": 97, "no_price_dollars": "0.9700", "price": 0.03, "taker_side": "yes", "ticker": "KXINX-26FEB13H1600-B6987", "trade_id": "42795529-ce49-66e2-aefb-3caf0970423c", "yes_price": 3, "yes_price_dollars": "0.0300"}
{"count": 1209, "count_fp": "1209.00", "created_time": "2026-02-13T14:23:41.491757Z", "no_price": 96, "no_price_dollars": "0.9600", "price": 0.04, "taker_side": "yes", "ticker": "KXINX-26FEB13H1600-B6987", "trade_id": "e12f1278-7bc7-5224-cafc-e5171a6902c2", "yes_price": 4, "yes_price_dollars": "0.0400"}
{"count": 18, "count_fp": "18.00", "created_time": "2026-02-13T04:44:31.167024Z", "no_price": 73, "no_price_dollars": "0.7300", "price": 0.27, "taker_side": "yes", "ticker": "KXINX-26FEB13H1600-B6987", "trade_id": "c90d17f7-3dba-7aef-3cc2-579d20174bdc", "yes_price": 27, "yes_price_dollars": "0.2700"}
{"count": 20, "count_fp": "20.00", "created_time": "2026-02-13T00:07:51.158759Z", "no_price": 95, "no_price_dollars": "0.9500", "price": 0.05, "taker_side": "yes", "ticker": "KXINX-26FEB13H1600-B6987", "trade_id": "3cfc57a1-a616-4ec4-9a56-86c367b71e97", "yes_price": 5, "yes_price_dollars": "0.0500"}
{"count": 9, "count_fp": "9.00", "created_time": "2026-02-13T00:07:51.158759Z", "no_price": 66, "no_price_dollars": "0.6600", "price": 0.34, "taker_side": "yes", "ticker": "KXINX-26FEB13H1600-B6987", "trade_id": "0a1083b6-f08a-462d-866a-5ea3d13afb03", "yes_price": 34, "yes_price_dollars": "0.3400"}
{"count": 2, "count_fp": "2.00", "created_time": "2026-02-13T20:13:19.143099Z", "no_price": 99, "no_price_dollars": "0.9900", "price": 0.01, "taker_side": "yes", "ticker": "KXINX-26FEB13H1600-B6962", "trade_id": "ef817a1b-79ff-6fca-9860-04b5a7dd1cb7", "yes_price": 1, "yes_price_dollars": "0.0100"}
{"count": 200, "count_fp": "200.00", "created_time": "2026-02-13T17:59:46.260748Z", "no_price": 97, "no_price_dollars": "0.9700", "price": 0.03, "taker_side": "yes", "ticker": "KXINX-26FEB13H1600-B6962", "trade_id": "86d0eb06-4247-786b-cb86-a04a234a6253", "yes_price": 3, "yes_price_dollars": "0.0300"}
{"count": 1, "count_fp": "1.00", "created_time": "2026-02-13T17:53:52.694517Z", "no_price": 97, "no_price_dollars": "0.9700", "price": 0.03, "taker_side": "no", "ticker": "KXINX-26FEB13H1600-B6962", "trade_id": "f6cd35ac-b0a2-6ac8-f3b0-283115577d70", "yes_price": 3, "yes_price_dollars": "0.0300"}
{"count": 1, "count_fp": "1.00", "created_time": "2026-02-13T17:53:52.694517Z", "no_price": 97, "no_price_dollars": "0.9700", "price": 0.03, "taker_side": "no", "ticker": "KXINX-26FEB13H1600-B6962", "trade_id": "d8e55f05-5ee6-6db9-fa03-5193c60e630a", "yes_price": 3, "yes_price_dollars": "0.0300"}
{"count": 1, "count_fp": "1.00", "created_time": "2026-02-13T17:53:52.694517Z", "no_price": 97, "no_price_dollars": "0.9700", "price": 0.03, "taker_side": "no", "ticker": "KXINX-26FEB13H1600-B6962", "trade_id": "b4181c5b-730f-61d4-e68e-e28f90428963", "yes_price": 3, "yes_price_dollars": "0.0300"}
{"count": 1, "count_fp": "1.00", "created_time": "2026-02-13T17:53:52.694517Z", "no_price": 97, "no_price_dollars": "0.9700", "price": 0.03, "taker_side": "no", "ticker": "KXINX-26FEB13H1600-B6962", "trade_id": "53188f8e-c012-62e2-da4d-976ce432c77b", "yes_price": 3, "yes_price_dollars": "0.0300"}
{"count": 1, "count_fp": "1.00", "created_time": "2026-02-13T17:05:42.534467Z", "no_price": 97, "no_price_dollars": "0.9700", "price": 0.03, "taker_side": "no", "ticker": "KXINX-26FEB13H1600-B6962", "trade_id": "f460f228-76b9-43e7-4f7f-37df64033f8e", "yes_price": 3, "yes_price_dollars": "0.0300"}
{"count": 50, "count_fp": "50.00", "created_time": "2026-02-13T16:11:27.905424Z", "no_price": 96, "no_price_dollars": "0.9600", "price": 0.04, "taker_side": "yes", "ticker": "KXINX-26FEB13H1600-B6962", "trade_id": "75bd92be-7c2a-6a0f-b973-db58bb21ddf0", "yes_price": 4, "yes_price_dollars": "0.0400"}
{"count": 3, "count_fp": "3.00", "created_time": "2026-02-13T13:46:42.591413Z", "no_price": 94, "no_price_dollars": "0.9400", "price": 0.06, "taker_side": "yes", "ticker": "KXINX-26FEB13H1600-B6962", "trade_id": "60bdf381-1b23-7555-2a6c-47471f12609f", "yes_price": 6, "yes_price_dollars": "0.0600"}
{"count": 4, "count_fp": "4.00", "created_time": "2026-02-13T12:37:59.719671Z", "no_price": 80, "no_price_dollars": "0.8000", "price": 0.2, "taker_side": "yes", "ticker": "KXINX-26FEB13H1600-B6962", "trade_id": "6a62369d-9430-4206-d29d-937051621051", "yes_price": 20, "yes_price_dollars": "0.2000"}
{"count": 1, "count_fp": "1.00", "created_time": "2026-02-13T12:37:59.719671Z", "no_price": 95, "no_price_dollars": "0.9500", "price": 0.05, "taker_side": "yes", "ticker": "KXINX-26FEB13H1600-B6962", "trade_id": "2824d28a-5e4d-468a-e39d-1442e9b48950", "yes_price": 5, "yes_price_dollars": "0.0500"}
{"count": 14, "count_fp": "14.00", "created_time": "2026-02-13T19:59:48.641661Z", "no_price": 98, "no_price_dollars": "0.9800", "price": 0.02, "taker_side": "yes", "ticker": "KXINX-26FEB13H1600-B6937", "trade_id": "6ac0ea50-0d79-7f75-6f34-d270a2d7ee3e", "yes_price": 2, "yes_price_dollars": "0.0200"}
{"count": 4, "count_fp": "4.00", "created_time": "2026-02-13T18:27:03.887387Z", "no_price": 99, "no_price_dollars": "0.9900", "price": 0.01, "taker_side": "no", "ticker": "KXINX-26FEB13H1600-B6937", "trade_id": "b2d0a887-9f08-74a3-63d7-1a558bdeb160", "yes_price": 1, "yes_price_dollars": "0.0100"}
{"count": 52, "count_fp": "52.00", "created_time": "2026-02-13T18:21:39.133833Z", "no_price": 96, "no_price_dollars": "0.9600", "price": 0.04, "taker_side": "yes", "ticker": "KXINX-26FEB13H1600-B6937", "trade_id": "7b507934-5766-65a9-9320-f5bebf6a2168", "yes_price": 4, "yes_price_dollars": "0.0400"}
{"count": 2, "count_fp": "2.00", "created_time": "2026-02-13T17:59:06.856947Z", "no_price": 94, "no_price_dollars": "0.9400", "price": 0.06, "taker_side": "yes", "ticker": "KXINX-26FEB13H1600-B6937", "trade_id": "90ab9a77-846f-7025-8ffb-9b8d8d3f4cd3", "yes_price": 6, "yes_price_dollars": "0.0600"}
{"count": 1, "count_fp": "1.00", "created_time": "2026-02-13T17:27:56.559816Z", "no_price": 98, "no_price_dollars": "0.9800", "price": 0.02, "taker_side": "no", "ticker": "KXINX-26FEB13H1600-B6937", "trade_id": "10350c37-125a-5eed-882d-fa3f4fe4f291", "yes_price": 2, "yes_price_dollars": "0.0200"}
{"count": 1, "count_fp": "1.00", "created_time": "2026-02-13T17:18:35.129658Z", "no_price": 94, "no_price_dollars": "0.9400", "price": 0.06, "taker_side": "no", "ticker": "KXINX-26FEB13H1600-B6937", "trade_id": "c6d71fd6-a8ef-704f-8997-c32408cb2876", "yes_price": 6, "yes_price_dollars": "0.0600"}
{"count": 1, "count_fp": "1.00", "created_time": "2026-02-13T17:18:35.129658Z", "no_price": 94, "no_price_dollars": "0.9400", "price": 0.06, "taker_side": "no", "ticker": "KXINX-26FEB13H1600-B6937", "trade_id": "70efdd34-c2d4-7dbd-a5a9-96516859d300", "yes_price": 6, "yes_price_dollars": "0.0600"}
{"count": 1, "count_fp": "1.00", "created_time": "2026-02-13T17:18:35.129658Z", "no_price": 94, "no_price_dollars": "0.9400", "price": 0.06, "taker_side": "no", "ticker": "KXINX-26FEB13H1600-B6937", "trade_id": "701960db-9f30-7285-98b1-314a561a15e7", "yes_price": 6, "yes_price_dollars": "0.0600"}
{"count": 1, "count_fp": "1.00", "created_time": "2026-02-13T17:16:05.122432Z", "no_price": 93, "no_price_dollars": "0.9300", "price": 0.07, "taker_side": "no", "ticker": "KXINX-26FEB13H1600-B6937", "trade_id": "294d3219-622d-7079-bf06-225d3a93ced5", "yes_price": 7, "yes_price_dollars": "0.0700"}
{"count": 166, "count_fp": "166.00", "created_time": "2026-02-13T17:04:08.71794Z", "no_price": 93, "no_price_dollars": "0.9300", "price": 0.07, "taker_side": "yes", "ticker": "KXINX-26FEB13H1600-B6937", "trade_id": "5f67297a-5663-6cf5-b4c1-8b3717035583", "yes_price": 7, "yes_price_dollars": "0.0700"}
{"count": 200, "count_fp": "200.00", "created_time": "2026-02-13T16:54:07.721468Z", "no_price": 93, "no_price_dollars": "0.9300", "price": 0.07, "taker_side": "yes", "ticker": "KXINX-26FEB13H1600-B6937", "trade_id": "c433519f-f3ff-7e99-d454-8e4403c5700f", "yes_price": 7, "yes_price_dollars": "0.0700"}
{"count": 7, "count_fp": "7.00", "created_time": "2026-02-13T16:31:19.764942Z", "no_price": 94, "no_price_dollars": "0.9400", "price": 0.06, "taker_side": "yes", "ticker": "KXINX-26FEB13H1600-B6937", "trade_id": "d3961b3f-cba9-680e-35d5-62043aa4c8bd", "yes_price": 6, "yes_price_dollars": "0.0600"}
{"count": 340, "count_fp": "340.00", "created_time": "2026-02-13T16:31:19.764942Z", "no_price": 93, "no_price_dollars": "0.9300", "price": 0.07, "taker_side": "yes", "ticker": "KXINX-26FEB13H1600-B6937", "trade_id": "cce3ca9d-1c34-6339-0cd1-6bc1fe01177e", "yes_price": 7, "yes_price_dollars": "0.0700"}
{"count": 26, "count_fp": "26.00", "created_time": "2026-02-13T16:21:37.606971Z", "no_price": 94, "no_price_dollars": "0.9400", "price": 0.06, "taker_side": "yes", "ticker": "KXINX-26FEB13H1600-B6937", "trade_id": "e70b72d8-16ac-56dd-6417-42b7403bfc3a", "yes_price": 6, "yes_price_dollars": "0.0600"}
{"count": 7, "count_fp": "7.00", "created_time": "2026-02-13T16:21:37.606971Z", "no_price": 95, "no_price_dollars": "0.9500", "price": 0.05, "taker_side": "yes", "ticker": "KXINX-26FEB13H1600-B6937", "trade_id": "5b4a813d-f9c8-5a5d-40cb-2603207f2cbd", "yes_price": 5, "yes_price_dollars": "0.0500"}
{"count": 10, "count_fp": "10.00", "created_time": "2026-02-13T16:11:12.963985Z", "no_price": 93, "no_price_dollars": "0.9300", "price": 0.07, "taker_side": "yes", "ticker": "KXINX-26FEB13H1600-B6937", "trade_id": "e17d216c-e070-73d5-4b5b-b25016caaed6", "yes_price": 7, "yes_price_dollars": "0.0700"}
{"count": 14, "count_fp": "14.00", "created_time": "2026-02-13T16:11:12.963985Z", "no_price": 94, "no_price_dollars": "0.9400", "price": 0.06, "taker_side": "yes", "ticker": "KXINX-26FEB13H1600-B6937", "trade_id": "a0176b3e-693c-7a77-776d-fd2d1e4666e3", "yes_price": 6, "yes_price_dollars": "0.0600"}
{"count": 25, "count_fp": "25.00", "created_time": "2026-02-13T16:11:12.963985Z", "no_price": 93, "no_price_dollars": "0.9300", "price": 0.07, "taker_side": "yes", "ticker": "KXINX-26FEB13H1600-B6937", "trade_id": "5565a6bf-aeae-7e61-7bb9-d74935b6e6db", "yes_price": 7, "yes_price_dollars": "0.0700"}
{"count": 1, "count_fp": "1.00", "created_time": "2026-02-13T16:11:12.963985Z", "no_price": 93, "no_price_dollars": "0.9300", "price": 0.07, "taker_side": "yes", "ticker": "KXINX-26FEB13H1600-B6937", "trade_id": "2d8abd30-f3b1-7f9e-4165-fb835ff8aa30", "yes_price": 7, "yes_price_dollars": "0.0700"}
{"count": 687, "count_fp": "687.00", "created_time": "2026-02-13T15:31:40.061886Z", "no_price": 95, "no_price_dollars": "0.9500", "price": 0.05, "taker_side": "no", "ticker": "KXINX-26FEB13H1600-B6937", "trade_id": "f5d2cb8f-26d3-7496-4bb0-37e560b20358", "yes_price": 5, "yes_price_dollars": "0.0500"}
{"count": 28, "count_fp": "28.00", "created_time": "2026-02-13T15:31:40.061886Z", "no_price": 94, "no_price_dollars": "0.9400", "price": 0.06, "taker_side": "no", "ticker": "KXINX-26FEB13H1600-B6937", "trade_id": "a2b64506-9295-786b-6ce2-e27810db4a49", "yes_price": 6, "yes_price_dollars": "0.0600"}
{"count": 2, "count_fp": "2.00", "created_time": "2026-02-13T15:30:42.308459Z", "no_price": 94, "no_price_dollars": "0.9400", "price": 0.06, "taker_side": "yes", "ticker": "KXINX-26FEB13H1600-B6937", "trade_id": "157424ba-d283-4285-8fbf-b376ca4a2b3c", "yes_price": 6, "yes_price_dollars": "0.0600"}
{"count": 94, "count_fp": "94.00", "created_time": "2026-02-13T15:21:16.123905Z", "no_price": 98, "no_price_dollars": "0.9800", "price": 0.02, "taker_side": "no", "ticker": "KXINX-26FEB13H1600-B6937", "trade_id": "5840139e-e42f-43aa-f8d6-9d747a9c5f31", "yes_price": 2, "yes_price_dollars": "0.0200"}
{"count": 4, "count_fp": "4.00", "created_time": "2026-02-13T15:20:19.698851Z", "no_price": 94, "no_price_dollars": "0.9400", "price": 0.06, "taker_side": "yes", "ticker": "KXINX-26FEB13H1600-B6937", "trade_id": "96f5c43b-4307-7a0d-09b1-b1cbe7047558", "yes_price": 6, "yes_price_dollars": "0.0600"}
{"count": 28, "count_fp": "28.00", "created_time": "2026-02-13T15:20:19.698851Z", "no_price": 94, "no_price_dollars": "0.9400", "price": 0.06, "taker_side": "yes", "ticker": "KXINX-26FEB13H1600-B6937", "trade_id": "27c8ba4a-d2f0-7013-1e5a-0d220edf4d1b", "yes_price": 6, "yes_price_dollars": "0.0600"}
{"count": 27, "count_fp": "27.00", "created_time": "2026-02-13T15:01:04.841311Z", "no_price": 97, "no_price_dollars": "0.9700", "price": 0.03, "taker_side": "no", "ticker": "KXINX-26FEB13H1600-B6937", "trade_id": "38d8cb7c-4e71-6cb7-9352-7c488483074e", "yes_price": 3, "yes_price_dollars": "0.0300"}
{"count": 7, "count_fp": "7.00", "created_time": "2026-02-13T14:46:36.073925Z", "no_price": 95, "no_price_dollars": "0.9500", "price": 0.05, "taker_side": "yes", "ticker": "KXINX-26FEB13H1600-B6937", "trade_id": "41003d8f-f418-5462-79c0-3f8b60486440", "yes_price": 5, "yes_price_dollars": "0.0500"}
{"count": 438, "count_fp": "438.00", "created_time": "2026-02-13T14:43:54.827901Z", "no_price": 98, "no_price_dollars": "0.9800", "price": 0.02, "taker_side": "no", "ticker": "KXINX-26FEB13H1600-B6937", "trade_id": "ac4ca1df-f00f-46b1-a2b3-4dce5575aabd", "yes_price": 2, "yes_price_dollars": "0.0200"}
{"count": 2, "count_fp": "2.00", "created_time": "2026-02-13T14:43:54.827901Z", "no_price": 98, "no_price_dollars": "0.9800", "price": 0.02, "taker_side": "no", "ticker": "KXINX-26FEB13H1600-B6937", "trade_id": "86f7318c-dee1-445a-b0c5-35c47194098c", "yes_price": 2, "yes_price_dollars": "0.0200"}
{"count": 28, "count_fp": "28.00", "created_time": "2026-02-13T14:25:58.182113Z", "no_price": 92, "no_price_dollars": "0.9200", "price": 0.08, "taker_side": "yes", "ticker": "KXINX-26FEB13H1600-B6937", "trade_id": "65bc3aa2-5e49-5b62-b880-a4e2f865492d", "yes_price": 8, "yes_price_dollars": "0.0800"}
{"count": 9, "count_fp": "9.00", "created_time": "2026-02-13T14:25:58.182113Z", "no_price": 92, "no_price_dollars": "0.9200", "price": 0.08, "taker_side": "yes", "ticker": "KXINX-26FEB13H1600-B6937", "trade_id": "26cbf47c-3d39-54b5-a789-4a3f9b42ccca", "yes_price": 8, "yes_price_dollars": "0.0800"}
{"count": 49, "count_fp": "49.00", "created_time": "2026-02-13T14:25:33.808733Z", "no_price": 93, "no_price_dollars": "0.9300", "price": 0.07, "taker_side": "yes", "ticker": "KXINX-26FEB13H1600-B6937", "trade_id": "b24897f9-d472-5893-8dab-08f75d63c574", "yes_price": 7, "yes_price_dollars": "0.0700"}
{"count": 14, "count_fp": "14.00", "created_time": "2026-02-13T14:25:33.808733Z", "no_price": 93, "no_price_dollars": "0.9300", "price": 0.07, "taker_side": "yes", "ticker": "KXINX-26FEB13H1600-B6937", "trade_id": "418ea013-9b83-59af-a70c-0b6959c72584", "yes_price": 7, "yes_price_dollars": "0.0700"}
{"count": 2, "count_fp": "2.00", "created_time": "2026-02-13T13:57:23.284481Z", "no_price": 93, "no_price_dollars": "0.9300", "price": 0.07, "taker_side": "no", "ticker": "KXINX-26FEB13H1600-B6937", "trade_id": "d2cf61c2-e034-627e-b10c-7368c59912dd", "yes_price": 7, "yes_price_dollars": "0.0700"}
{"count": 51, "count_fp": "51.00", "created_time": "2026-02-13T13:57:23.284481Z", "no_price": 95, "no_price_dollars": "0.9500", "price": 0.05, "taker_side": "no", "ticker": "KXINX-26FEB13H1600-B6937", "trade_id": "91569ddb-342f-6b5d-a457-475d03ef0eed", "yes_price": 5, "yes_price_dollars": "0.0500"}
{"count": 28, "count_fp": "28.00", "created_time": "2026-02-13T13:57:23.284481Z", "no_price": 94, "no_price_dollars": "0.9400", "price": 0.06, "taker_side": "no", "ticker": "KXINX-26FEB13H1600-B6937", "trade_id": "7e2f50e0-fada-61f3-a640-86c3b7af60a7", "yes_price": 6, "yes_price_dollars": "0.0600"}
{"count": 27, "count_fp": "27.00", "created_time": "2026-02-13T13:05:32.659324Z", "no_price": 93, "no_price_dollars": "0.9300", "price": 0.07, "taker_side": "yes", "ticker": "KXINX-26FEB13H1600-B6937", "trade_id": "9c326216-0c41-4705-f229-649f363b31d6", "yes_price": 7, "yes_price_dollars": "0.0700"}
{"count": 1, "count_fp": "1.00", "created_time": "2026-02-13T12:15:44.631564Z", "no_price": 93, "no_price_dollars": "0.9300", "price": 0.07, "taker_side": "yes", "ticker": "KXINX-26FEB13H1600-B6937", "trade_id": "72418e6d-4c0b-6f29-e517-a38cf37399f2", "yes_price": 7, "yes_price_dollars": "0.0700"}
{"count": 58, "count_fp": "58.00", "created_time": "2026-02-13T04:38:32.17828Z", "no_price": 71, "no_price_dollars": "0.7100", "price": 0.29, "taker_side": "yes", "ticker": "KXINX-26FEB13H1600-B6937", "trade_id": "ff9d01b2-a80e-6ce6-aa53-faef1e3967a5", "yes_price": 29, "yes_price_dollars": "0.2900"}
{"count": 32, "count_fp": "32.00", "created_time": "2026-02-13T04:37:38.779199Z", "no_price": 72, "no_price_dollars": "0.7200", "price": 0.28, "taker_side": "yes", "ticker": "KXINX-26FEB13H1600-B6937", "trade_id": "adbbf5ac-eab5-6f11-d7c7-29ad970fbdc7", "yes_price": 28, "yes_price_dollars": "0.2800"}
{"count": 2, "count_fp": "2.00", "created_time": "2026-02-13T04:37:09.752935Z", "no_price": 74, "no_price_dollars": "0.7400", "price": 0.26, "taker_side": "yes", "ticker": "KXINX-26FEB13H1600-B6937", "trade_id": "810940ed-fc6c-48b7-82a8-88b102c5fa47", "yes_price": 26, "yes_price_dollars": "0.2600"}
{"count": 2, "count_fp": "2.00", "created_time": "2026-02-13T04:37:09.752935Z", "no_price": 74, "no_price_dollars": "0.7400", "price": 0.26, "taker_side": "yes", "ticker": "KXINX-26FEB13H1600-B6937", "trade_id": "34e2e3ec-125d-4923-848e-9e1431b86e69", "yes_price": 26, "yes_price_dollars": "0.2600"}
{"count": 2, "count_fp": "2.00", "created_time": "2026-02-13T04:35:35.742262Z", "no_price": 75, "no_price_dollars": "0.7500", "price": 0.25, "taker_side": "yes", "ticker": "KXINX-26FEB13H1600-B6937", "trade_id": "bb8e88d0-bf84-7f76-eb49-a9a2116aef1a", "yes_price": 25, "yes_price_dollars": "0.2500"}
{"count": 1, "count_fp": "1.00", "created_time": "2026-02-13T04:34:02.988437Z", "no_price": 76, "no_price_dollars": "0.7600", "price": 0.24, "taker_side": "yes", "ticker": "KXINX-26FEB13H1600-B6937", "trade_id": "a480d08b-f333-78ab-3428-82dfd571b3ca", "yes_price": 24, "yes_price_dollars": "0.2400"}
{"count": 2, "count_fp": "2.00", "created_time": "2026-02-13T04:32:50.555817Z", "no_price": 76, "no_price_dollars": "0.7600", "price": 0.24, "taker_side": "yes", "ticker": "KXINX-26FEB13H1600-B6937", "trade_id": "21f11b46-a6dc-6e3a-42ba-59f5a5e85641", "yes_price": 24, "yes_price_dollars": "0.2400"}
{"count": 4, "count_fp": "4.00", "created_time": "2026-02-13T03:09:52.335565Z", "no_price": 76, "no_price_dollars": "0.7600", "price": 0.24, "taker_side": "yes", "ticker": "KXINX-26FEB13H1600-B6937", "trade_id": "9c5a010a-eaaf-4384-73dc-85367f3535c3", "yes_price": 24, "yes_price_dollars": "0.2400"}
{"count": 48, "count_fp": "48.00", "created_time": "2026-02-13T01:49:40.978135Z", "no_price": 70, "no_price_dollars": "0.7000", "price": 0.3, "taker_side": "yes", "ticker": "KXINX-26FEB13H1600-B6937", "trade_id": "2b87312f-b62e-6230-732e-5f80ce34e785", "yes_price": 30, "yes_price_dollars": "0.3000"}
{"count": 22, "count_fp": "22.00", "created_time": "2026-02-13T20:39:41.153525Z", "no_price": 97, "no_price_dollars": "0.9700", "price": 0.03, "taker_side": "yes", "ticker": "KXINX-26FEB13H1600-B6912", "trade_id": "6ad8d63b-ce15-410e-ddda-f710c159b506", "yes_price": 3, "yes_price_dollars": "0.0300"}
{"count": 25, "count_fp": "25.00", "created_time": "2026-02-13T20:29:41.77797Z", "no_price": 98, "no_price_dollars": "0.9800", "price": 0.02, "taker_side": "yes", "ticker": "KXINX-26FEB13H1600-B6912", "trade_id": "b4a92329-0e01-78ad-9dd8-10f9b7c22078", "yes_price": 2, "yes_price_dollars": "0.0200"}
{"count": 151, "count_fp": "151.00", "created_time": "2026-02-13T20:29:41.77797Z", "no_price": 98, "no_price_dollars": "0.9800", "price": 0.02, "taker_side": "yes", "ticker": "KXINX-26FEB13H1600-B6912", "trade_id": "ae75220e-12b9-7893-8199-0ffb3062cc64", "yes_price": 2, "yes_price_dollars": "0.0200"}
{"count": 5, "count_fp": "5.00", "created_time": "2026-02-13T20:29:41.77797Z", "no_price": 97, "no_price_dollars": "0.9700", "price": 0.03, "taker_side": "yes", "ticker": "KXINX-26FEB13H1600-B6912", "trade_id": "adfcaac9-2d3f-7446-9fac-e39ef075475e", "yes_price": 3, "yes_price_dollars": "0.0300"}
{"count": 211, "count_fp": "211.00", "created_time": "2026-02-13T20:29:41.77797Z", "no_price": 97, "no_price_dollars": "0.9700", "price": 0.03, "taker_side": "yes", "ticker": "KXINX-26FEB13H1600-B6912", "trade_id": "206863c5-0a15-737e-8bde-55453fb4474a", "yes_price": 3, "yes_price_dollars": "0.0300"}
{"count": 50, "count_fp": "50.00", "created_time": "2026-02-13T20:29:41.77797Z", "no_price": 99, "no_price_dollars": "0.9900", "price": 0.01, "taker_side": "yes", "ticker": "KXINX-26FEB13H1600-B6912", "trade_id": "125d5344-4142-7632-9a65-aee06c687128", "yes_price": 1, "yes_price_dollars": "0.0100"}
{"count": 4, "count_fp": "4.00", "created_time": "2026-02-13T20:14:49.459978Z", "no_price": 99, "no_price_dollars": "0.9900", "price": 0.01, "taker_side": "no", "ticker": "KXINX-26FEB13H1600-B6912", "trade_id": "88334a6f-fee0-53f5-3855-24efb107de3c", "yes_price": 1, "yes_price_dollars": "0.0100"}
{"count": 26, "count_fp": "26.00", "created_time": "2026-02-13T20:14:49.459978Z", "no_price": 99, "no_price_dollars": "0.9900", "price": 0.01, "taker_side": "no", "ticker": "KXINX-26FEB13H1600-B6912", "trade_id": "31f64715-d5d1-5909-0e02-96281040db66", "yes_price": 1, "yes_price_dollars": "0.0100"}
{"count": 1, "count_fp": "1.00", "created_time": "2026-02-13T19:56:39.154237Z", "no_price": 99, "no_price_dollars": "0.9900", "price": 0.01, "taker_side": "no", "ticker": "KXINX-26FEB13H1600-B6912", "trade_id": "7eee078e-9e9c-7cf9-2005-fddce6bdcdd8", "yes_price": 1, "yes_price_dollars": "0.0100"}
{"count": 3, "count_fp": "3.00", "created_time": "2026-02-13T19:35:00.229471Z", "no_price": 98, "no_price_dollars": "0.9800", "price": 0.02, "taker_side": "yes", "ticker": "KXINX-26FEB13H1600-B6912", "trade_id": "1cbca42a-606f-43bb-8c31-ace3edeab2c8", "yes_price": 2, "yes_price_dollars": "0.0200"}
{"count": 3, "count_fp": "3.00", "created_time": "2026-02-13T19:32:13.651573Z", "no_price": 94, "no_price_dollars": "0.9400", "price": 0.06, "taker_side": "yes", "ticker": "KXINX-26FEB13H1600-B6912", "trade_id": "35a49b71-0f82-44f7-00dc-259153cc57de", "yes_price": 6, "yes_price_dollars": "0.0600"}
{"count": 855, "count_fp": "855.00", "created_time": "2026-02-13T19:28:29.316134Z", "no_price": 98, "no_price_dollars": "0.9800", "price": 0.02, "taker_side": "no", "ticker": "KXINX-26FEB13H1600-B6912", "trade_id": "da03d496-fd14-41cd-00fc-60c3a67e5b37", "yes_price": 2, "yes_price_dollars": "0.0200"}
{"count": 17, "count_fp": "17.00", "created_time": "2026-02-13T19:14:13.88545Z", "no_price": 93, "no_price_dollars": "0.9300", "price": 0.07, "taker_side": "yes", "ticker": "KXINX-26FEB13H1600-B6912", "trade_id": "0ba84305-4fcf-4d05-85a2-038bcbf21427", "yes_price": 7, "yes_price_dollars": "0.0700"}
{"count": 15, "count_fp": "15.00", "created_time": "2026-02-13T19:11:17.178821Z", "no_price": 93, "no_price_dollars": "0.9300", "price": 0.07, "taker_side": "yes", "ticker": "KXINX-26FEB13H1600-B6912", "trade_id": "1ba0fc44-043c-6985-78af-c9c8ceb8cc8b", "yes_price": 7, "yes_price_dollars": "0.0700"}
{"count": 17, "count_fp": "17.00", "created_time": "2026-02-13T19:11:17.178821Z", "no_price": 93, "no_price_dollars": "0.9300", "price": 0.07, "taker_side": "yes", "ticker": "KXINX-26FEB13H1600-B6912", "trade_id": "0832e5a6-ebbd-6815-7332-ac88efe40704", "yes_price": 7, "yes_price_dollars": "0.0700"}
{"count": 18, "count_fp": "18.00", "created_time": "2026-02-13T19:10:47.513145Z", "no_price": 92, "no_price_dollars": "0.9200", "price": 0.08, "taker_side": "yes", "ticker": "KXINX-26FEB13H1600-B6912", "trade_id": "f93e276b-284a-73eb-faeb-5521f7409917", "yes_price": 8, "yes_price_dollars": "0.0800"}
{"count": 32, "count_fp": "32.00", "created_time": "2026-02-13T19:10:47.513145Z", "no_price": 92, "no_price_dollars": "0.9200", "price": 0.08, "taker_side": "yes", "ticker": "KXINX-26FEB13H1600-B6912", "trade_id": "917c8770-f539-7fd8-eb45-5f4b00bca3dc", "yes_price": 8, "yes_price_dollars": "0.0800"}
{"count": 5, "count_fp": "5.00", "created_time": "2026-02-13T19:09:14.446354Z", "no_price": 96, "no_price_dollars": "0.9600", "price": 0.04, "taker_side": "no", "ticker": "KXINX-26FEB13H1600-B6912", "trade_id": "1521713d-6954-6409-a731-ace5e355841f", "yes_price": 4, "yes_price_dollars": "0.0400"}
{"count": 565, "count_fp": "565.00", "created_time": "2026-02-13T19:04:58.852036Z", "no_price": 97, "no_price_dollars": "0.9700", "price": 0.03, "taker_side": "no", "ticker": "KXINX-26FEB13H1600-B6912", "trade_id": "38e5a982-ef84-5f81-cd7c-b69f0a60c91f", "yes_price": 3, "yes_price_dollars": "0.0300"}
{"count": 35, "count_fp": "35.00", "created_time": "2026-02-13T19:01:21.2878Z", "no_price": 94, "no_price_dollars": "0.9400", "price": 0.06, "taker_side": "no", "ticker": "KXINX-26FEB13H1600-B6912", "trade_id": "e5341807-fb7c-622e-1e63-7925f61ea2fb", "yes_price": 6, "yes_price_dollars": "0.0600"}
{"count": 11, "count_fp": "11.00", "created_time": "2026-02-13T19:01:21.2878Z", "no_price": 95, "no_price_dollars": "0.9500", "price": 0.05, "taker_side": "no", "ticker": "KXINX-26FEB13H1600-B6912", "trade_id": "c1801478-4908-624a-393f-8a93d61b19a2", "yes_price": 5, "yes_price_dollars": "0.0500"}
{"count": 8, "count_fp": "8.00", "created_time": "2026-02-13T19:01:21.2878Z", "no_price": 96, "no_price_dollars": "0.9600", "price": 0.04, "taker_side": "no", "ticker": "KXINX-26FEB13H1600-B6912", "trade_id": "21851911-9168-65ac-2123-21d6cb25de7b", "yes_price": 4, "yes_price_dollars": "0.0400"}
{"count": 444, "count_fp": "444.00", "created_time": "2026-02-13T18:49:43.630017Z", "no_price": 88, "no_price_dollars": "0.8800", "price": 0.12, "taker_side": "yes", "ticker": "KXINX-26FEB13H1600-B6912", "trade_id": "a9f6df94-556d-6f36-7dd8-e239eb92756a", "yes_price": 12, "yes_price_dollars": "0.1200"}
{"count": 40, "count_fp": "40.00", "created_time": "2026-02-13T18:40:56.129346Z", "no_price": 88, "no_price_dollars": "0.8800", "price": 0.12, "taker_side": "no", "ticker": "KXINX-26FEB13H1600-B6912", "trade_id": "f46f4eb7-a535-7b26-0886-a94ad6ac8afd", "yes_price": 12, "yes_price_dollars": "0.1200"}
{"count": 6, "count_fp": "6.00", "created_time": "2026-02-13T18:40:29.563562Z", "no_price": 86, "no_price_dollars": "0.8600", "price": 0.14, "taker_side": "yes", "ticker": "KXINX-26FEB13H1600-B6912", "trade_id": "07ea2ba6-d6a5-4e2e-eb48-a5ed450105be", "yes_price": 14, "yes_price_dollars": "0.1400"}
{"count": 57, "count_fp": "57.00", "created_time": "2026-02-13T18:34:17.942445Z", "no_price": 83, "no_price_dollars": "0.8300", "price": 0.17, "taker_side": "yes", "ticker": "KXINX-26FEB13H1600-B6912", "trade_id": "7e90ae01-50c9-5ff6-8b8d-33c0c3e9324a", "yes_price": 17, "yes_price_dollars": "0.1700"}
{"count": 54, "count_fp": "54.00", "created_time": "2026-02-13T18:34:15.315169Z", "no_price": 83, "no_price_dollars": "0.8300", "price": 0.17, "taker_side": "yes", "ticker": "KXINX-26FEB13H1600-B6912", "trade_id": "465457e8-cd09-5dd6-bd72-a53fbcbe5442", "yes_price": 17, "yes_price_dollars": "0.1700"}
{"count": 28, "count_fp": "28.00", "created_time": "2026-02-13T18:27:13.391788Z", "no_price": 85, "no_price_dollars": "0.8500", "price": 0.15, "taker_side": "yes", "ticker": "KXINX-26FEB13H1600-B6912", "trade_id": "2c95d1c5-2f21-6982-2d6b-ead3bee6f3ea", "yes_price": 15, "yes_price_dollars": "0.1500"}
{"count": 268, "count_fp": "268.00", "created_time": "2026-02-13T18:26:15.231364Z", "no_price": 85, "no_price_dollars": "0.8500", "price": 0.15, "taker_side": "yes", "ticker": "KXINX-26FEB13H1600-B6912", "trade_id": "ab6d53af-b9c9-708a-46e2-aca6a8757cf6", "yes_price": 15, "yes_price_dollars": "0.1500"}
{"count": 153, "count_fp": "153.00", "created_time": "2026-02-13T18:24:44.313474Z", "no_price": 82, "no_price_dollars": "0.8200", "price": 0.18, "taker_side": "yes", "ticker": "KXINX-26FEB13H1600-B6912", "trade_id": "9517f2cb-1139-60fe-6c5a-48bdd518d4a6", "yes_price": 18, "yes_price_dollars": "0.1800"}
{"count": 62, "count_fp": "62.00", "created_time": "2026-02-13T18:19:29.992463Z", "no_price": 88, "no_price_dollars": "0.8800", "price": 0.12, "taker_side": "no", "ticker": "KXINX-26FEB13H1600-B6912", "trade_id": "65417c39-a15b-7db2-0e52-a90c4c11ad41", "yes_price": 12, "yes_price_dollars": "0.1200"}
{"count": 12, "count_fp": "12.00", "created_time": "2026-02-13T18:19:29.152463Z", "no_price": 87, "no_price_dollars": "0.8700", "price": 0.13, "taker_side": "yes", "ticker": "KXINX-26FEB13H1600-B6912", "trade_id": "e399abbd-6911-57ae-dc5d-41eb28e913ce", "yes_price": 13, "yes_price_dollars": "0.1300"}
{"count": 2, "count_fp": "2.00", "created_time": "2026-02-13T18:19:29.09764Z", "no_price": 87, "no_price_dollars": "0.8700", "price": 0.13, "taker_side": "no", "ticker": "KXINX-26FEB13H1600-B6912", "trade_id": "bcde3647-df41-7f25-3925-5ccb91321c30", "yes_price": 13, "yes_price_dollars": "0.1300"}
{"count": 114, "count_fp": "114.00", "created_time": "2026-02-13T18:19:13.509479Z", "no_price": 83, "no_price_dollars": "0.8300", "price": 0.17, "taker_side": "yes", "ticker": "KXINX-26FEB13H1600-B6912", "trade_id": "51fecf8e-0929-78be-14eb-e8d018b6376e", "yes_price": 17, "yes_price_dollars": "0.1700"}
{"count": 11, "count_fp": "11.00", "created_time": "2026-02-13T18:16:26.593991Z", "no_price": 86, "no_price_dollars": "0.8600", "price": 0.14, "taker_side": "yes", "ticker": "KXINX-26FEB13H1600-B6912", "trade_id": "2a23b6c9-0da7-6cd1-be96-d62787d33b96", "yes_price": 14, "yes_price_dollars": "0.1400"}
{"count": 9, "count_fp": "9.00", "created_time": "2026-02-13T18:16:18.725961Z", "no_price": 86, "no_price_dollars": "0.8600", "price": 0.14, "taker_side": "yes", "ticker": "KXINX-26FEB13H1600-B6912", "trade_id": "5b52e581-4124-402b-2398-247215fe885c", "yes_price": 14, "yes_price_dollars": "0.1400"}
{"count": 11, "count_fp": "11.00", "created_time": "2026-02-13T18:16:18.725961Z", "no_price": 85, "no_price_dollars": "0.8500", "price": 0.15, "taker_side": "yes", "ticker": "KXINX-26FEB13H1600-B6912", "trade_id": "0e45b8b1-6f97-421d-19a3-45bcc8f32401", "yes_price": 15, "yes_price_dollars": "0.1500"}
{"count": 12, "count_fp": "12.00", "created_time": "2026-02-13T18:06:32.093361Z", "no_price": 47, "no_price_dollars": "0.4700", "price": 0.53, "taker_side": "yes", "ticker": "KXINX-26FEB13H1600-B6912", "trade_id": "f6e1d785-9bee-60c5-2072-fdffd956d86f", "yes_price": 53, "yes_price_dollars": "0.5300"}
{"count": 10, "count_fp": "10.00", "created_time": "2026-02-13T18:06:32.093361Z", "no_price": 50, "no_price_dollars": "0.5000", "price": 0.5, "taker_side": "yes", "ticker": "KXINX-26FEB13H1600-B6912", "trade_id": "f1cc0b6a-6ca2-6bb7-11c2-76731da880d8", "yes_price": 50, "yes_price_dollars": "0.5000"}
{"count": 10, "count_fp": "10.00", "created_time": "2026-02-13T18:06:32.093361Z", "no_price": 50, "no_price_dollars": "0.5000", "price": 0.5, "taker_side": "yes", "ticker": "KXINX-26FEB13H1600-B6912", "trade_id": "eab09620-8f06-63af-0144-e5e76b5edac1", "yes_price": 50, "yes_price_dollars": "0.5000"}
{"count": 10, "count_fp": "10.00", "created_time": "2026-02-13T18:06:32.093361Z", "no_price": 50, "no_price_dollars": "0.5000", "price": 0.5, "taker_side": "yes", "ticker": "KXINX-26FEB13H1600-B6912", "trade_id": "e6337aaa-ceff-60c5-1d05-e9232ceeeac6", "yes_price": 50, "yes_price_dollars": "0.5000"}
{"count": 4, "count_fp": "4.00", "created_time": "2026-02-13T18:06:32.093361Z", "no_price": 66, "no_price_dollars": "0.6600", "price": 0.34, "taker_side": "yes", "ticker": "KXINX-26FEB13H1600-B6912", "trade_id": "e5365386-f37b-63b5-1ad5-eb97c8ca6e87", "yes_price": 34, "yes_price_dollars": "0.3400"}
{"count": 10, "count_fp": "10.00", "created_time": "2026-02-13T18:06:32.093361Z", "no_price": 50, "no_price_dollars": "0.5000", "price": 0.5, "taker_side": "yes", "ticker": "KXINX-26FEB13H1600-B6912", "trade_id": "dee161e9-8e6a-629a-0c63-64cf66bc9640", "yes_price": 50, "yes_price_dollars": "0.5000"}
{"count": 10, "count_fp": "10.00", "created_time": "2026-02-13T18:06:32.093361Z", "no_price": 50, "no_price_dollars": "0.5000", "price": 0.5, "taker_side": "yes", "ticker": "KXINX-26FEB13H1600-B6912", "trade_id": "de49e0bc-4a1c-6344-3b5b-19df498fa69b", "yes_price": 50, "yes_price_dollars": "0.5000"}
{"count": 10, "count_fp": "10.00", "created_time": "2026-02-13T18:06:32.093361Z", "no_price": 50, "no_price_dollars": "0.5000", "price": 0.5, "taker_side": "yes", "ticker": "KXINX-26FEB13H1600-B6912", "trade_id": "dc1d348d-cdaf-6bd0-00b1-4deb1a036813", "yes_price": 50, "yes_price_dollars": "0.5000"}
{"count": 10, "count_fp": "10.00", "created_time": "2026-02-13T18:06:32.093361Z", "no_price": 50, "no_price_dollars": "0.5000", "price": 0.5, "taker_side": "yes", "ticker": "KXINX-26FEB13H1600-B6912", "trade_id": "bda5b648-4bde-6c49-0225-773cf71c3642", "yes_price": 50, "yes_price_dollars": "0.5000"}
{"count": 10, "count_fp": "10.00", "created_time": "2026-02-13T18:06:32.093361Z", "no_price": 50, "no_price_dollars": "0.5000", "price": 0.5, "taker_side": "yes", "ticker": "KXINX-26FEB13H1600-B6912", "trade_id": "aed16eda-2a96-6ede-2feb-2532a5112fe0", "yes_price": 50, "yes_price_dollars": "0.5000"}
{"count": 100, "count_fp": "100.00", "created_time": "2026-02-13T18:06:32.093361Z", "no_price": 20, "no_price_dollars": "0.2000", "price": 0.8, "taker_side": "yes", "ticker": "KXINX-26FEB13H1600-B6912", "trade_id": "abad2b37-f394-671b-1f22-1a852621086d", "yes_price": 80, "yes_price_dollars": "0.8000"}
{"count": 10, "count_fp": "10.00", "created_time": "2026-02-13T18:06:32.093361Z", "no_price": 50, "no_price_dollars": "0.5000", "price": 0.5, "taker_side": "yes", "ticker": "KXINX-26FEB13H1600-B6912", "trade_id": "a38660e8-f3e9-64f5-097c-a010298fc7f2", "yes_price": 50, "yes_price_dollars": "0.5000"}
{"count": 50, "count_fp": "50.00", "created_time": "2026-02-13T18:06:32.093361Z", "no_price": 12, "no_price_dollars": "0.1200", "price": 0.88, "taker_side": "yes", "ticker": "KXINX-26FEB13H1600-B6912", "trade_id": "a186dbe6-476e-603d-2995-15e85dc766e1", "yes_price": 88, "yes_price_dollars": "0.8800"}
{"count": 10, "count_fp": "10.00", "created_time": "2026-02-13T18:06:32.093361Z", "no_price": 65, "no_price_dollars": "0.6500", "price": 0.35, "taker_side": "yes", "ticker": "KXINX-26FEB13H1600-B6912", "trade_id": "93d92f20-9336-6fed-3233-f02768790129", "yes_price": 35, "yes_price_dollars": "0.3500"}
{"count": 100, "count_fp": "100.00", "created_time": "2026-02-13T18:06:32.093361Z", "no_price": 56, "no_price_dollars": "0.5600", "price": 0.44, "taker_side": "yes", "ticker": "KXINX-26FEB13H1600-B6912", "trade_id": "930ee9d7-c61a-6137-0707-10b16980b8d5", "yes_price": 44, "yes_price_dollars": "0.4400"}
{"count": 10, "count_fp": "10.00", "created_time": "2026-02-13T18:06:32.093361Z", "no_price": 50, "no_price_dollars": "0.5000", "price": 0.5, "taker_side": "yes", "ticker": "KXINX-26FEB13H1600-B6912", "trade_id": "92feab7a-dc59-6ec0-15de-0dca2509878b", "yes_price": 50, "yes_price_dollars": "0.5000"}
{"count": 10, "count_fp": "10.00", "created_time": "2026-02-13T18:06:32.093361Z", "no_price": 50, "no_price_dollars": "0.5000", "price": 0.5, "taker_side": "yes", "ticker": "KXINX-26FEB13H1600-B6912", "trade_id": "888ba15f-21eb-6159-058c-0a5837583ecc", "yes_price": 50, "yes_price_dollars": "0.5000"}
{"count": 10, "count_fp": "10.00", "created_time": "2026-02-13T18:06:32.093361Z", "no_price": 50, "no_price_dollars": "0.5000", "price": 0.5, "taker_side": "yes", "ticker": "KXINX-26FEB13H1600-B6912", "trade_id": "84b237ed-ba87-61e5-3bff-406ae2d2b6bf", "yes_price": 50, "yes_price_dollars": "0.5000"}
{"count": 10, "count_fp": "10.00", "created_time": "2026-02-13T18:06:32.093361Z", "no_price": 50, "no_price_dollars": "0.5000", "price": 0.5, "taker_side": "yes", "ticker": "KXINX-26FEB13H1600-B6912", "trade_id": "7f327c1f-74c5-62a2-3494-02ec158c2e66", "yes_price": 50, "yes_price_dollars": "0.5000"}
{"count": 10, "count_fp": "10.00", "created_time": "2026-02-13T18:06:32.093361Z", "no_price": 50, "no_price_dollars": "0.5000", "price": 0.5, "taker_side": "yes", "ticker": "KXINX-26FEB13H1600-B6912", "trade_id": "7d68a44a-363c-6dca-154a-93122c8dd525", "yes_price": 50, "yes_price_dollars": "0.5000"}
{"count": 10, "count_fp": "10.00", "created_time": "2026-02-13T18:06:32.093361Z", "no_price": 50, "no_price_dollars": "0.5000", "price": 0.5, "taker_side": "yes", "ticker": "KXINX-26FEB13H1600-B6912", "trade_id": "73ff0d40-20c3-6dec-149c-e72bbf924872", "yes_price": 50, "yes_price_dollars": "0.5000"}
{"count": 166, "count_fp": "166.00", "created_time": "2026-02-13T18:06:32.093361Z", "no_price": 64, "no_price_dollars": "0.6400", "price": 0.36, "taker_side": "yes", "ticker": "KXINX-26FEB13H1600-B6912", "trade_id": "7153e2b4-c8d9-640c-156d-fe7394941055", "yes_price": 36, "yes_price_dollars": "0.3600"}
{"count": 10, "count_fp": "10.00", "created_time": "2026-02-13T18:06:32.093361Z", "no_price": 50, "no_price_dollars": "0.5000", "price": 0.5, "taker_side": "yes", "ticker": "KXINX-26FEB13H1600-B6912", "trade_id": "6904b6e2-f1ca-6d7e-056e-a60c45c3edf9", "yes_price": 50, "yes_price_dollars": "0.5000"}
{"count": 26, "count_fp": "26.00", "created_time": "2026-02-13T18:06:32.093361Z", "no_price": 1, "no_price_dollars": "0.0100", "price": 0.99, "taker_side": "yes", "ticker": "KXINX-26FEB13H1600-B6912", "trade_id": "5e0ead95-3d89-61b9-32a3-3d8e24690be3", "yes_price": 99, "yes_price_dollars": "0.9900"}
{"count": 12, "count_fp": "12.00", "created_time": "2026-02-13T18:06:32.093361Z", "no_price": 19, "no_price_dollars": "0.1900", "price": 0.81, "taker_side": "yes", "ticker": "KXINX-26FEB13H1600-B6912", "trade_id": "5c39a370-e28c-6c63-3925-92be85926fe8", "yes_price": 81, "yes_price_dollars": "0.8100"}
{"count": 29, "count_fp": "29.00", "created_time": "2026-02-13T18:06:32.093361Z", "no_price": 2, "no_price_dollars": "0.0200", "price": 0.98, "taker_side": "yes", "ticker": "KXINX-26FEB13H1600-B6912", "trade_id": "5a93b1c0-9d8e-6c49-01d8-305d7ad37426", "yes_price": 98, "yes_price_dollars": "0.9800"}
{"count": 10, "count_fp": "10.00", "created_time": "2026-02-13T18:06:32.093361Z", "no_price": 50, "no_price_dollars": "0.5000", "price": 0.5, "taker_side": "yes", "ticker": "KXINX-26FEB13H1600-B6912", "trade_id": "5715d703-8e5f-6eb0-1626-75aa9033e417", "yes_price": 50, "yes_price_dollars": "0.5000"}
{"count": 2, "count_fp": "2.00", "created_time": "2026-02-13T18:06:32.093361Z", "no_price": 65, "no_price_dollars": "0.6500", "price": 0.35, "taker_side": "yes", "ticker": "KXINX-26FEB13H1600-B6912", "trade_id": "4d07f96f-d892-6933-22f2-8b6f6ff31df6", "yes_price": 35, "yes_price_dollars": "0.3500"}
{"count": 50, "count_fp": "50.00", "created_time": "2026-02-13T18:06:32.093361Z", "no_price": 10, "no_price_dollars": "0.1000", "price": 0.9, "taker_side": "yes", "ticker": "KXINX-26FEB13H1600-B6912", "trade_id": "4ceb37fa-b421-6774-3579-d6b0d20192d0", "yes_price": 90, "yes_price_dollars": "0.9000"}
{"count": 10, "count_fp": "10.00", "created_time": "2026-02-13T18:06:32.093361Z", "no_price": 50, "no_price_dollars": "0.5000", "price": 0.5, "taker_side": "yes", "ticker": "KXINX-26FEB13H1600-B6912", "trade_id": "4c07f9be-6ffd-6854-1537-6d37408929f5", "yes_price": 50, "yes_price_dollars": "0.5000"}
{"count": 12, "count_fp": "12.00", "created_time": "2026-02-13T18:06:32.093361Z", "no_price": 63, "no_price_dollars": "0.6300", "price": 0.37, "taker_side": "yes", "ticker": "KXINX-26FEB13H1600-B6912", "trade_id": "48fe0572-581e-6aa5-07f3-080bd5cea6f4", "yes_price": 37, "yes_price_dollars": "0.3700"}
{"count": 10, "count_fp": "10.00", "created_time": "2026-02-13T18:06:32.093361Z", "no_price": 50, "no_price_dollars": "0.5000", "price": 0.5, "taker_side": "yes", "ticker": "KXINX-26FEB13H1600-B6912", "trade_id": "3efb489f-1f8f-6b43-3cc9-055e979ea00a", "yes_price": 50, "yes_price_dollars": "0.5000"}
{"count": 10, "count_fp": "10.00", "created_time": "2026-02-13T18:06:32.093361Z", "no_price": 50, "no_price_dollars": "0.5000", "price": 0.5, "taker_side": "yes", "ticker": "KXINX-26FEB13H1600-B6912", "trade_id": "3cc86877-b423-6396-1e4d-a9221d358130", "yes_price": 50, "yes_price_dollars": "0.5000"}
{"count": 10, "count_fp": "10.00", "created_time": "2026-02-13T18:06:32.093361Z", "no_price": 50, "no_price_dollars": "0.5000", "price": 0.5, "taker_side": "yes", "ticker": "KXINX-26FEB13H1600-B6912", "trade_id": "34628947-4ca8-64dc-1c55-53b22dd46b54", "yes_price": 50, "yes_price_dollars": "0.5000"}
{"count": 10, "count_fp": "10.00", "created_time": "2026-02-13T18:06:32.093361Z", "no_price": 50, "no_price_dollars": "0.5000", "price": 0.5, "taker_side": "yes", "ticker": "KXINX-26FEB13H1600-B6912", "trade_id": "2ecf2181-47f0-65dc-2a0f-10986da9d01f", "yes_price": 50, "yes_price_dollars": "0.5000"}
{"count": 12, "count_fp": "12.00", "created_time": "2026-02-13T18:06:32.093361Z", "no_price": 55, "no_price_dollars": "0.5500", "price": 0.45, "taker_side": "yes", "ticker": "KXINX-26FEB13H1600-B6912", "trade_id": "2a6687a9-7b65-6459-2dbd-9830f5ad6845", "yes_price": 45, "yes_price_dollars": "0.4500"}
{"count": 10, "count_fp": "10.00", "created_time": "2026-02-13T18:06:32.093361Z", "no_price": 50, "no_price_dollars": "0.5000", "price": 0.5, "taker_side": "yes", "ticker": "KXINX-26FEB13H1600-B6912", "trade_id": "26a11632-122f-638c-2f54-d43970f90bd8", "yes_price": 50, "yes_price_dollars": "0.5000"}
{"count": 10, "count_fp": "10.00", "created_time": "2026-02-13T18:06:32.093361Z", "no_price": 50, "no_price_dollars": "0.5000", "price": 0.5, "taker_side": "yes", "ticker": "KXINX-26FEB13H1600-B6912", "trade_id": "1f211ce8-0fd7-67f3-3c3b-a733c1ca9d41", "yes_price": 50, "yes_price_dollars": "0.5000"}
{"count": 10, "count_fp": "10.00", "created_time": "2026-02-13T18:06:32.093361Z", "no_price": 50, "no_price_dollars": "0.5000", "price": 0.5, "taker_side": "yes", "ticker": "KXINX-26FEB13H1600-B6912", "trade_id": "1eb100a7-b358-63cd-0ce8-ce47c011a576", "yes_price": 50, "yes_price_dollars": "0.5000"}
{"count": 10, "count_fp": "10.00", "created_time": "2026-02-13T18:06:32.093361Z", "no_price": 50, "no_price_dollars": "0.5000", "price": 0.5, "taker_side": "yes", "ticker": "KXINX-26FEB13H1600-B6912", "trade_id": "1d4e63a8-9ab8-60f3-166e-b42773930519", "yes_price": 50, "yes_price_dollars": "0.5000"}
{"count": 10, "count_fp": "10.00", "created_time": "2026-02-13T18:06:32.093361Z", "no_price": 50, "no_price_dollars": "0.5000", "price": 0.5, "taker_side": "yes", "ticker": "KXINX-26FEB13H1600-B6912", "trade_id": "03599231-96a8-6fd5-0687-47a004719340", "yes_price": 50, "yes_price_dollars": "0.5000"}
{"count": 19, "count_fp": "19.00", "created_time": "2026-02-13T18:04:16.356432Z", "no_price": 92, "no_price_dollars": "0.9200", "price": 0.08, "taker_side": "no", "ticker": "KXINX-26FEB13H1600-B6912", "trade_id": "a4aa9abf-d5cc-54c2-2451-42ec214b5b37", "yes_price": 8, "yes_price_dollars": "0.0800"}
{"count": 82, "count_fp": "82.00", "created_time": "2026-02-13T18:04:16.356432Z", "no_price": 93, "no_price_dollars": "0.9300", "price": 0.07, "taker_side": "no", "ticker": "KXINX-26FEB13H1600-B6912", "trade_id": "4f480e41-9800-5441-0767-9383274fea53", "yes_price": 7, "yes_price_dollars": "0.0700"}
{"count": 74, "count_fp": "74.00", "created_time": "2026-02-13T18:01:54.531922Z", "no_price": 88, "no_price_dollars": "0.8800", "price": 0.12, "taker_side": "yes", "ticker": "KXINX-26FEB13H1600-B6912", "trade_id": "dbe2f8a3-418d-79dc-4081-f1771fffffb5", "yes_price": 12, "yes_price_dollars": "0.1200"}
{"count": 161, "count_fp": "161.00", "created_time": "2026-02-13T17:59:38.822911Z", "no_price": 85, "no_price_dollars": "0.8500", "price": 0.15, "taker_side": "yes", "ticker": "KXINX-26FEB13H1600-B6912", "trade_id": "1e5d030c-94d9-61a4-04fb-7b19cf45b015", "yes_price": 15, "yes_price_dollars": "0.1500"}
{"count": 2, "count_fp": "2.00", "created_time": "2026-02-13T17:59:06.702316Z", "no_price": 84, "no_price_dollars": "0.8400", "price": 0.16, "taker_side": "no", "ticker": "KXINX-26FEB13H1600-B6912", "trade_id": "f7c35137-98c7-449b-1169-15929ed268a8", "yes_price": 16, "yes_price_dollars": "0.1600"}
{"count": 10, "count_fp": "10.00", "created_time": "2026-02-13T17:55:14.985359Z", "no_price": 82, "no_price_dollars": "0.8200", "price": 0.18, "taker_side": "yes", "ticker": "KXINX-26FEB13H1600-B6912", "trade_id": "97ea53d1-526d-5598-0fd4-c4c7b83429b1", "yes_price": 18, "yes_price_dollars": "0.1800"}
{"count": 48, "count_fp": "48.00", "created_time": "2026-02-13T17:54:26.241878Z", "no_price": 83, "no_price_dollars": "0.8300", "price": 0.17, "taker_side": "yes", "ticker": "KXINX-26FEB13H1600-B6912", "trade_id": "53e6dcac-da21-5988-c810-651ceecd9881", "yes_price": 17, "yes_price_dollars": "0.1700"}
{"count": 53, "count_fp": "53.00", "created_time": "2026-02-13T17:53:35.196687Z", "no_price": 81, "no_price_dollars": "0.8100", "price": 0.19, "taker_side": "yes", "ticker": "KXINX-26FEB13H1600-B6912", "trade_id": "00e69fb5-d06d-526c-a4c6-dfa70007b161", "yes_price": 19, "yes_price_dollars": "0.1900"}
{"count": 49, "count_fp": "49.00", "created_time": "2026-02-13T17:47:02.011224Z", "no_price": 65, "no_price_dollars": "0.6500", "price": 0.35, "taker_side": "yes", "ticker": "KXINX-26FEB13H1600-B6912", "trade_id": "f73e972e-f5de-7852-9915-2af1abc3d220", "yes_price": 35, "yes_price_dollars": "0.3500"}
{"count": 18, "count_fp": "18.00", "created_time": "2026-02-13T17:47:02.011224Z", "no_price": 70, "no_price_dollars": "0.7000", "price": 0.3, "taker_side": "yes", "ticker": "KXINX-26FEB13H1600-B6912", "trade_id": "d40666f7-09fb-7f7a-9e9e-e5213983f726", "yes_price": 30, "yes_price_dollars": "0.3000"}
{"count": 10, "count_fp": "10.00", "created_time": "2026-02-13T17:47:02.011224Z", "no_price": 77, "no_price_dollars": "0.7700", "price": 0.23, "taker_side": "yes", "ticker": "KXINX-26FEB13H1600-B6912", "trade_id": "bbf6aaff-8189-70d6-a94a-25b82eca094f", "yes_price": 23, "yes_price_dollars": "0.2300"}
{"count": 12, "count_fp": "12.00", "created_time": "2026-02-13T17:47:02.011224Z", "no_price": 69, "no_price_dollars": "0.6900", "price": 0.31, "taker_side": "yes", "ticker": "KXINX-26FEB13H1600-B6912", "trade_id": "458fa844-8fb1-733a-ac2e-b9e11ddf6d53", "yes_price": 31, "yes_price_dollars": "0.3100"}
{"count": 56, "count_fp": "56.00", "created_time": "2026-02-13T17:47:02.011224Z", "no_price": 64, "no_price_dollars": "0.6400", "price": 0.36, "taker_side": "yes", "ticker": "KXINX-26FEB13H1600-B6912", "trade_id": "215aaf16-52dd-7168-a49b-ae301b59d919", "yes_price": 36, "yes_price_dollars": "0.3600"}
{"count": 20, "count_fp": "20.00", "created_time": "2026-02-13T17:31:52.869208Z", "no_price": 77, "no_price_dollars": "0.7700", "price": 0.23, "taker_side": "yes", "ticker": "KXINX-26FEB13H1600-B6912", "trade_id": "59d3cfea-d370-799b-5928-6a1d38ea159b", "yes_price": 23, "yes_price_dollars": "0.2300"}
{"count": 5, "count_fp": "5.00", "created_time": "2026-02-13T17:27:54.656443Z", "no_price": 82, "no_price_dollars": "0.8200", "price": 0.18, "taker_side": "yes", "ticker": "KXINX-26FEB13H1600-B6912", "trade_id": "bc6d5084-a305-70c0-de37-c28b392be7f7", "yes_price": 18, "yes_price_dollars": "0.1800"}
{"count": 5, "count_fp": "5.00", "created_time": "2026-02-13T17:27:19.649916Z", "no_price": 81, "no_price_dollars": "0.8100", "price": 0.19, "taker_side": "yes", "ticker": "KXINX-26FEB13H1600-B6912", "trade_id": "b59222bb-4a87-4f12-9322-81189305d153", "yes_price": 19, "yes_price_dollars": "0.1900"}
{"count": 92, "count_fp": "92.00", "created_time": "2026-02-13T17:27:19.649916Z", "no_price": 80, "no_price_dollars": "0.8000", "price": 0.2, "taker_side": "yes", "ticker": "KXINX-26FEB13H1600-B6912", "trade_id": "522a0a44-5810-4683-9dad-0e62f53f246b", "yes_price": 20, "yes_price_dollars": "0.2000"}
{"count": 47, "count_fp": "47.00", "created_time": "2026-02-13T17:25:25.999039Z", "no_price": 82, "no_price_dollars": "0.8200", "price": 0.18, "taker_side": "no", "ticker": "KXINX-26FEB13H1600-B6912", "trade_id": "00a78d3d-ec30-631b-95cd-055198f28a1f", "yes_price": 18, "yes_price_dollars": "0.1800"}
{"count": 10, "count_fp": "10.00", "created_time": "2026-02-13T17:24:25.378164Z", "no_price": 80, "no_price_dollars": "0.8000", "price": 0.2, "taker_side": "no", "ticker": "KXINX-26FEB13H1600-B6912", "trade_id": "a8feed22-a92f-7330-916b-c4e1df73ea3a", "yes_price": 20, "yes_price_dollars": "0.2000"}
{"count": 12, "count_fp": "12.00", "created_time": "2026-02-13T17:21:32.564218Z", "no_price": 81, "no_price_dollars": "0.8100", "price": 0.19, "taker_side": "yes", "ticker": "KXINX-26FEB13H1600-B6912", "trade_id": "c5bc91f2-f886-61b0-d047-f52abb617299", "yes_price": 19, "yes_price_dollars": "0.1900"}
{"count": 1, "count_fp": "1.00", "created_time": "2026-02-13T17:17:17.354946Z", "no_price": 80, "no_price_dollars": "0.8000", "price": 0.2, "taker_side": "no", "ticker": "KXINX-26FEB13H1600-B6912", "trade_id": "e0cbeb33-0d7f-635b-bab9-5f496ae0fa5f", "yes_price": 20, "yes_price_dollars": "0.2000"}
{"count": 1, "count_fp": "1.00", "created_time": "2026-02-13T17:16:42.746498Z", "no_price": 79, "no_price_dollars": "0.7900", "price": 0.21, "taker_side": "no", "ticker": "KXINX-26FEB13H1600-B6912", "trade_id": "5eb07852-2c81-689d-bfe2-b14d5cc992c6", "yes_price": 21, "yes_price_dollars": "0.2100"}
{"count": 9, "count_fp": "9.00", "created_time": "2026-02-13T17:15:54.785876Z", "no_price": 79, "no_price_dollars": "0.7900", "price": 0.21, "taker_side": "no", "ticker": "KXINX-26FEB13H1600-B6912", "trade_id": "ac92dfc8-db7c-5249-cf2c-4a853ba9eaed", "yes_price": 21, "yes_price_dollars": "0.2100"}
{"count": 20, "count_fp": "20.00", "created_time": "2026-02-13T17:15:03.336089Z", "no_price": 76, "no_price_dollars": "0.7600", "price": 0.24, "taker_side": "yes", "ticker": "KXINX-26FEB13H1600-B6912", "trade_id": "1dd7f933-12cc-481b-015c-eb4ee4525957", "yes_price": 24, "yes_price_dollars": "0.2400"}
{"count": 58, "count_fp": "58.00", "created_time": "2026-02-13T17:13:59.387574Z", "no_price": 82, "no_price_dollars": "0.8200", "price": 0.18, "taker_side": "yes", "ticker": "KXINX-26FEB13H1600-B6912", "trade_id": "7e770ed4-421a-6ddb-c55e-de7fb24aed28", "yes_price": 18, "yes_price_dollars": "0.1800"}
{"count": 81, "count_fp": "81.00", "created_time": "2026-02-13T17:06:59.691492Z", "no_price": 82, "no_price_dollars": "0.8200", "price": 0.18, "taker_side": "yes", "ticker": "KXINX-26FEB13H1600-B6912", "trade_id": "a8892d54-aaa6-64ab-fada-a740224cc844", "yes_price": 18, "yes_price_dollars": "0.1800"}
{"count": 1, "count_fp": "1.00", "created_time": "2026-02-13T17:05:57.125866Z", "no_price": 83, "no_price_dollars": "0.8300", "price": 0.17, "taker_side": "yes", "ticker": "KXINX-26FEB13H1600-B6912", "trade_id": "d538f92c-8dd1-6346-f777-366e5436d9a9", "yes_price": 17, "yes_price_dollars": "0.1700"}
{"count": 2, "count_fp": "2.00", "created_time": "2026-02-13T17:05:51.479905Z", "no_price": 83, "no_price_dollars": "0.8300", "price": 0.17, "taker_side": "yes", "ticker": "KXINX-26FEB13H1600-B6912", "trade_id": "50b5c0e4-4ae6-6588-cebf-4e365d9c887f", "yes_price": 17, "yes_price_dollars": "0.1700"}
{"count": 96, "count_fp": "96.00", "created_time": "2026-02-13T16:59:20.591278Z", "no_price": 83, "no_price_dollars": "0.8300", "price": 0.17, "taker_side": "no", "ticker": "KXINX-26FEB13H1600-B6912", "trade_id": "f216a923-a5e8-60ad-adc9-efbac2601b42", "yes_price": 17, "yes_price_dollars": "0.1700"}
{"count": 4, "count_fp": "4.00", "created_time": "2026-02-13T16:54:24.026715Z", "no_price": 83, "no_price_dollars": "0.8300", "price": 0.17, "taker_side": "yes", "ticker": "KXINX-26FEB13H1600-B6912", "trade_id": "50827b1a-b913-67ba-c406-74bb4f432c53", "yes_price": 17, "yes_price_dollars": "0.1700"}
{"count": 5, "count_fp": "5.00", "created_time": "2026-02-13T16:44:23.106222Z", "no_price": 87, "no_price_dollars": "0.8700", "price": 0.13, "taker_side": "no", "ticker": "KXINX-26FEB13H1600-B6912", "trade_id": "4c43947b-2f3c-686b-f367-0b4879b9ee21", "yes_price": 13, "yes_price_dollars": "0.1300"}
{"count": 5, "count_fp": "5.00", "created_time": "2026-02-13T16:43:28.548728Z", "no_price": 83, "no_price_dollars": "0.8300", "price": 0.17, "taker_side": "yes", "ticker": "KXINX-26FEB13H1600-B6912", "trade_id": "eacfb4b5-0cad-713c-d0f6-6b86a27fbead", "yes_price": 17, "yes_price_dollars": "0.1700"}
{"count": 7, "count_fp": "7.00", "created_time": "2026-02-13T16:43:28.548728Z", "no_price": 85, "no_price_dollars": "0.8500", "price": 0.15, "taker_side": "yes", "ticker": "KXINX-26FEB13H1600-B6912", "trade_id": "2f2acd4d-d396-776c-f6d4-380cd6117b27", "yes_price": 15, "yes_price_dollars": "0.1500"}
{"count": 56, "count_fp": "56.00", "created_time": "2026-02-13T16:39:36.680781Z", "no_price": 88, "no_price_dollars": "0.8800", "price": 0.12, "taker_side": "no", "ticker": "KXINX-26FEB13H1600-B6912", "trade_id": "97f25edc-dc84-5a1b-ad6c-6afb0d947cc2", "yes_price": 12, "yes_price_dollars": "0.1200"}
{"count": 14, "count_fp": "14.00", "created_time": "2026-02-13T16:39:36.680781Z", "no_price": 88, "no_price_dollars": "0.8800", "price": 0.12, "taker_side": "no", "ticker": "KXINX-26FEB13H1600-B6912", "trade_id": "5832245e-1959-5259-8247-b58f7a7b5e48", "yes_price": 12, "yes_price_dollars": "0.1200"}
{"count": 180, "count_fp": "180.00", "created_time": "2026-02-13T16:39:36.680781Z", "no_price": 88, "no_price_dollars": "0.8800", "price": 0.12, "taker_side": "no", "ticker": "KXINX-26FEB13H1600-B6912", "trade_id": "17716b38-ad3c-5097-a7e1-81a2a641b491", "yes_price": 12, "yes_price_dollars": "0.1200"}
{"count": 62, "count_fp": "62.00", "created_time": "2026-02-13T16:38:54.464537Z", "no_price": 85, "no_price_dollars": "0.8500", "price": 0.15, "taker_side": "yes", "ticker": "KXINX-26FEB13H1600-B6912", "trade_id": "eaff906d-a0dd-732c-5f86-435d5803e655", "yes_price": 15, "yes_price_dollars": "0.1500"}
{"count": 2, "count_fp": "2.00", "created_time": "2026-02-13T16:38:54.464537Z", "no_price": 86, "no_price_dollars": "0.8600", "price": 0.14, "taker_side": "yes", "ticker": "KXINX-26FEB13H1600-B6912", "trade_id": "3c9ada90-2d69-7401-4f00-a029025369b2", "yes_price": 14, "yes_price_dollars": "0.1400"}
{"count": 2, "count_fp": "2.00", "created_time": "2026-02-13T16:33:39.290983Z", "no_price": 85, "no_price_dollars": "0.8500", "price": 0.15, "taker_side": "yes", "ticker": "KXINX-26FEB13H1600-B6912", "trade_id": "bf6466e3-4679-4e69-1008-5bcda6141a7f", "yes_price": 15, "yes_price_dollars": "0.1500"}
{"count": 605, "count_fp": "605.00", "created_time": "2026-02-13T16:33:39.290983Z", "no_price": 84, "no_price_dollars": "0.8400", "price": 0.16, "taker_side": "yes", "ticker": "KXINX-26FEB13H1600-B6912", "trade_id": "0b3027cb-ab97-44b6-203e-542e62a84337", "yes_price": 16, "yes_price_dollars": "0.1600"}
{"count": 1, "count_fp": "1.00", "created_time": "2026-02-13T16:32:09.533622Z", "no_price": 85, "no_price_dollars": "0.8500", "price": 0.15, "taker_side": "yes", "ticker": "KXINX-26FEB13H1600-B6912", "trade_id": "32e95f9c-570f-4cfe-a011-51c9a08acbcb", "yes_price": 15, "yes_price_dollars": "0.1500"}
{"count": 14, "count_fp": "14.00", "created_time": "2026-02-13T16:31:54.36655Z", "no_price": 90, "no_price_dollars": "0.9000", "price": 0.1, "taker_side": "yes", "ticker": "KXINX-26FEB13H1600-B6912", "trade_id": "212b304f-8d82-4df1-69d7-c52da9d3ce7e", "yes_price": 10, "yes_price_dollars": "0.1000"}
{"count": 215, "count_fp": "215.00", "created_time": "2026-02-13T16:21:53.198313Z", "no_price": 89, "no_price_dollars": "0.8900", "price": 0.11, "taker_side": "yes", "ticker": "KXINX-26FEB13H1600-B6912", "trade_id": "b3d12144-877b-5c6e-f777-4f7528d561d7", "yes_price": 11, "yes_price_dollars": "0.1100"}
{"count": 5, "count_fp": "5.00", "created_time": "2026-02-13T16:21:53.198313Z", "no_price": 90, "no_price_dollars": "0.9000", "price": 0.1, "taker_side": "yes", "ticker": "KXINX-26FEB13H1600-B6912", "trade_id": "508f4e63-ba8a-5a2c-c73a-bc56771c4467", "yes_price": 10, "yes_price_dollars": "0.1000"}
{"count": 18, "count_fp": "18.00", "created_time": "2026-02-13T15:34:57.392857Z", "no_price": 82, "no_price_dollars": "0.8200", "price": 0.18, "taker_side": "yes", "ticker": "KXINX-26FEB13H1600-B6912", "trade_id": "ffdfa95e-0d26-766f-d0e9-bce9cdd65044", "yes_price": 18, "yes_price_dollars": "0.1800"}
{"count": 9, "count_fp": "9.00", "created_time": "2026-02-13T15:34:57.392857Z", "no_price": 83, "no_price_dollars": "0.8300", "price": 0.17, "taker_side": "yes", "ticker": "KXINX-26FEB13H1600-B6912", "trade_id": "aed12956-bad0-7469-e7aa-2ebda69af960", "yes_price": 17, "yes_price_dollars": "0.1700"}
{"count": 21, "count_fp": "21.00", "created_time": "2026-02-13T15:25:38.95244Z", "no_price": 93, "no_price_dollars": "0.9300", "price": 0.07, "taker_side": "no", "ticker": "KXINX-26FEB13H1600-B6912", "trade_id": "4b5097f7-9d48-46f9-e238-9f38daccde50", "yes_price": 7, "yes_price_dollars": "0.0700"}
{"count": 89, "count_fp": "89.00", "created_time": "2026-02-13T15:06:07.112922Z", "no_price": 95, "no_price_dollars": "0.9500", "price": 0.05, "taker_side": "no", "ticker": "KXINX-26FEB13H1600-B6912", "trade_id": "ba070cc1-a77b-507f-2140-c9181e9c0ae7", "yes_price": 5, "yes_price_dollars": "0.0500"}
{"count": 5, "count_fp": "5.00", "created_time": "2026-02-13T15:00:55.622347Z", "no_price": 93, "no_price_dollars": "0.9300", "price": 0.07, "taker_side": "no", "ticker": "KXINX-26FEB13H1600-B6912", "trade_id": "c12a3d7f-1d29-7ae4-1f26-e7acb32802fc", "yes_price": 7, "yes_price_dollars": "0.0700"}
{"count": 14, "count_fp": "14.00", "created_time": "2026-02-13T15:00:55.622347Z", "no_price": 93, "no_price_dollars": "0.9300", "price": 0.07, "taker_side": "no", "ticker": "KXINX-26FEB13H1600-B6912", "trade_id": "8d6ad519-c2cb-7703-2307-c9841a43681f", "yes_price": 7, "yes_price_dollars": "0.0700"}
{"count": 28, "count_fp": "28.00", "created_time": "2026-02-13T14:59:06.5953Z", "no_price": 90, "no_price_dollars": "0.9000", "price": 0.1, "taker_side": "yes", "ticker": "KXINX-26FEB13H1600-B6912", "trade_id": "91c39b56-102f-6cee-080a-b273f5816cf4", "yes_price": 10, "yes_price_dollars": "0.1000"}
{"count": 18, "count_fp": "18.00", "created_time": "2026-02-13T14:58:07.335032Z", "no_price": 90, "no_price_dollars": "0.9000", "price": 0.1, "taker_side": "no", "ticker": "KXINX-26FEB13H1600-B6912", "trade_id": "0d65ad77-bf64-4696-61b9-7101439b5dcb", "yes_price": 10, "yes_price_dollars": "0.1000"}
{"count": 20, "count_fp": "20.00", "created_time": "2026-02-13T14:52:17.167152Z", "no_price": 90, "no_price_dollars": "0.9000", "price": 0.1, "taker_side": "no", "ticker": "KXINX-26FEB13H1600-B6912", "trade_id": "de342973-afff-48be-f0fb-cce466e0fecf", "yes_price": 10, "yes_price_dollars": "0.1000"}
{"count": 149, "count_fp": "149.00", "created_time": "2026-02-13T14:36:34.83933Z", "no_price": 89, "no_price_dollars": "0.8900", "price": 0.11, "taker_side": "yes", "ticker": "KXINX-26FEB13H1600-B6912", "trade_id": "e39b5abf-932d-42df-0708-3ffa810b2e47", "yes_price": 11, "yes_price_dollars": "0.1100"}
{"count": 66, "count_fp": "66.00", "created_time": "2026-02-13T14:26:20.751775Z", "no_price": 89, "no_price_dollars": "0.8900", "price": 0.11, "taker_side": "yes", "ticker": "KXINX-26FEB13H1600-B6912", "trade_id": "6e219424-5d61-74bb-532c-e21826d32fbb", "yes_price": 11, "yes_price_dollars": "0.1100"}
{"count": 9, "count_fp": "9.00", "created_time": "2026-02-13T14:26:20.751775Z", "no_price": 89, "no_price_dollars": "0.8900", "price": 0.11, "taker_side": "yes", "ticker": "KXINX-26FEB13H1600-B6912", "trade_id": "2d419f4e-0f42-72e8-675c-67fa48538a42", "yes_price": 11, "yes_price_dollars": "0.1100"}
{"count": 52, "count_fp": "52.00", "created_time": "2026-02-13T14:25:45.09772Z", "no_price": 89, "no_price_dollars": "0.8900", "price": 0.11, "taker_side": "yes", "ticker": "KXINX-26FEB13H1600-B6912", "trade_id": "a2c2ef70-82b5-5c8f-c902-83c08910aa93", "yes_price": 11, "yes_price_dollars": "0.1100"}
{"count": 9, "count_fp": "9.00", "created_time": "2026-02-13T14:24:24.894325Z", "no_price": 90, "no_price_dollars": "0.9000", "price": 0.1, "taker_side": "yes", "ticker": "KXINX-26FEB13H1600-B6912", "trade_id": "2a105616-3624-7c96-6185-486a1ae77712", "yes_price": 10, "yes_price_dollars": "0.1000"}
{"count": 16, "count_fp": "16.00", "created_time": "2026-02-13T14:24:24.894325Z", "no_price": 90, "no_price_dollars": "0.9000", "price": 0.1, "taker_side": "yes", "ticker": "KXINX-26FEB13H1600-B6912", "trade_id": "1e367cbe-0a3d-7acd-4a62-7613f76a942c", "yes_price": 10, "yes_price_dollars": "0.1000"}
{"count": 5, "count_fp": "5.00", "created_time": "2026-02-13T14:06:15.969428Z", "no_price": 91, "no_price_dollars": "0.9100", "price": 0.09, "taker_side": "no", "ticker": "KXINX-26FEB13H1600-B6912", "trade_id": "f35b349a-c596-5330-1677-36031afa2f98", "yes_price": 9, "yes_price_dollars": "0.0900"}
{"count": 18, "count_fp": "18.00", "created_time": "2026-02-13T14:06:15.969428Z", "no_price": 91, "no_price_dollars": "0.9100", "price": 0.09, "taker_side": "no", "ticker": "KXINX-26FEB13H1600-B6912", "trade_id": "572b712d-4285-5424-1b00-88cd9d2703eb", "yes_price": 9, "yes_price_dollars": "0.0900"}
{"count": 3, "count_fp": "3.00", "created_time": "2026-02-13T14:06:15.969428Z", "no_price": 91, "no_price_dollars": "0.9100", "price": 0.09, "taker_side": "no", "ticker": "KXINX-26FEB13H1600-B6912", "trade_id": "0cf5186f-4f25-5d27-0cc8-b33b5c274f40", "yes_price": 9, "yes_price_dollars": "0.0900"}
{"count": 50, "count_fp": "50.00", "created_time": "2026-02-13T13:48:11.302036Z", "no_price": 89, "no_price_dollars": "0.8900", "price": 0.11, "taker_side": "yes", "ticker": "KXINX-26FEB13H1600-B6912", "trade_id": "523b7080-8a81-767f-a6d2-4d5f2cd22edb", "yes_price": 11, "yes_price_dollars": "0.1100"}
{"count": 19, "count_fp": "19.00", "created_time": "2026-02-13T13:04:40.596896Z", "no_price": 90, "no_price_dollars": "0.9000", "price": 0.1, "taker_side": "yes", "ticker": "KXINX-26FEB13H1600-B6912", "trade_id": "ce97e746-8cd1-6ca7-31ee-4689f202c477", "yes_price": 10, "yes_price_dollars": "0.1000"}
{"count": 14, "count_fp": "14.00", "created_time": "2026-02-13T10:21:48.056059Z", "no_price": 82, "no_price_dollars": "0.8200", "price": 0.18, "taker_side": "yes", "ticker": "KXINX-26FEB13H1600-B6912", "trade_id": "5fc0a548-79c2-735d-2ba8-994eb67be1f6", "yes_price": 18, "yes_price_dollars": "0.1800"}
{"count": 1, "count_fp": "1.00", "created_time": "2026-02-13T10:21:48.056059Z", "no_price": 88, "no_price_dollars": "0.8800", "price": 0.12, "taker_side": "yes", "ticker": "KXINX-26FEB13H1600-B6912", "trade_id": "5107ac0a-eed5-7f40-3d82-a9a3ee05cf6a", "yes_price": 12, "yes_price_dollars": "0.1200"}
{"count": 1, "count_fp": "1.00", "created_time": "2026-02-13T10:21:48.056059Z", "no_price": 87, "no_price_dollars": "0.8700", "price": 0.13, "taker_side": "yes", "ticker": "KXINX-26FEB13H1600-B6912", "trade_id": "058551ce-bdee-7b0d-0192-3d5fa1164152", "yes_price": 13, "yes_price_dollars": "0.1300"}
{"count": 20, "count_fp": "20.00", "created_time": "2026-02-13T06:34:14.789956Z", "no_price": 99, "no_price_dollars": "0.9900", "price": 0.01, "taker_side": "no", "ticker": "KXINX-26FEB13H1600-B6912", "trade_id": "1f60b09c-4888-7fef-07e9-7c3999d64f0f", "yes_price": 1, "yes_price_dollars": "0.0100"}
{"count": 30, "count_fp": "30.00", "created_time": "2026-02-13T06:34:13.569999Z", "no_price": 99, "no_price_dollars": "0.9900", "price": 0.01, "taker_side": "no", "ticker": "KXINX-26FEB13H1600-B6912", "trade_id": "bafe81a0-b530-4013-4b0e-1c3763c5bf1b", "yes_price": 1, "yes_price_dollars": "0.0100"}
{"count": 23, "count_fp": "23.00", "created_time": "2026-02-13T06:34:12.351674Z", "no_price": 98, "no_price_dollars": "0.9800", "price": 0.02, "taker_side": "no", "ticker": "KXINX-26FEB13H1600-B6912", "trade_id": "3e06fa31-5e45-5a32-61f5-6c7b3fe344e2", "yes_price": 2, "yes_price_dollars": "0.0200"}
{"count": 1, "count_fp": "1.00", "created_time": "2026-02-13T06:34:11.133932Z", "no_price": 97, "no_price_dollars": "0.9700", "price": 0.03, "taker_side": "no", "ticker": "KXINX-26FEB13H1600-B6912", "trade_id": "1708a9fd-9058-4338-17c1-eda3c12e1e78", "yes_price": 3, "yes_price_dollars": "0.0300"}
{"count": 36, "count_fp": "36.00", "created_time": "2026-02-13T05:39:12.686449Z", "no_price": 93, "no_price_dollars": "0.9300", "price": 0.07, "taker_side": "no", "ticker": "KXINX-26FEB13H1600-B6912", "trade_id": "7fc65183-f2fe-79b6-0385-a26e1a07f7a4", "yes_price": 7, "yes_price_dollars": "0.0700"}
{"count": 3, "count_fp": "3.00", "created_time": "2026-02-13T05:22:49.099007Z", "no_price": 81, "no_price_dollars": "0.8100", "price": 0.19, "taker_side": "yes", "ticker": "KXINX-26FEB13H1600-B6912", "trade_id": "65ef141d-35cb-5778-55d6-005778ea9b16", "yes_price": 19, "yes_price_dollars": "0.1900"}
{"count": 2, "count_fp": "2.00", "created_time": "2026-02-13T05:22:49.099007Z", "no_price": 82, "no_price_dollars": "0.8200", "price": 0.18, "taker_side": "yes", "ticker": "KXINX-26FEB13H1600-B6912", "trade_id": "6179a50b-6d51-553e-57d5-b2a879dd11de", "yes_price": 18, "yes_price_dollars": "0.1800"}
{"count": 43, "count_fp": "43.00", "created_time": "2026-02-13T04:23:47.179861Z", "no_price": 79, "no_price_dollars": "0.7900", "price": 0.21, "taker_side": "yes", "ticker": "KXINX-26FEB13H1600-B6912", "trade_id": "a4ee9c93-cbde-5f6f-cd7a-c8e3b6babb78", "yes_price": 21, "yes_price_dollars": "0.2100"}
{"count": 3, "count_fp": "3.00", "created_time": "2026-02-13T04:23:47.179861Z", "no_price": 80, "no_price_dollars": "0.8000", "price": 0.2, "taker_side": "yes", "ticker": "KXINX-26FEB13H1600-B6912", "trade_id": "33f16a6d-ffbf-5a6b-eb33-e9bfa8153532", "yes_price": 20, "yes_price_dollars": "0.2000"}
{"count": 2, "count_fp": "2.00", "created_time": "2026-02-13T03:46:21.077176Z", "no_price": 90, "no_price_dollars": "0.9000", "price": 0.1, "taker_side": "no", "ticker": "KXINX-26FEB13H1600-B6912", "trade_id": "bda9f544-426f-6812-4bca-811ae114890f", "yes_price": 10, "yes_price_dollars": "0.1000"}
{"count": 4, "count_fp": "4.00", "created_time": "2026-02-13T03:44:56.778941Z", "no_price": 90, "no_price_dollars": "0.9000", "price": 0.1, "taker_side": "no", "ticker": "KXINX-26FEB13H1600-B6912", "trade_id": "14cd8b40-79c3-5eae-0fe1-712444be149b", "yes_price": 10, "yes_price_dollars": "0.1000"}
{"count": 53, "count_fp": "53.00", "created_time": "2026-02-13T03:15:36.241468Z", "no_price": 81, "no_price_dollars": "0.8100", "price": 0.19, "taker_side": "yes", "ticker": "KXINX-26FEB13H1600-B6912", "trade_id": "7ff20faa-1cfc-4825-2da0-466f170d7fe7", "yes_price": 19, "yes_price_dollars": "0.1900"}
{"count": 64, "count_fp": "64.00", "created_time": "2026-02-13T03:15:36.241468Z", "no_price": 78, "no_price_dollars": "0.7800", "price": 0.22, "taker_side": "yes", "ticker": "KXINX-26FEB13H1600-B6912", "trade_id": "5d15dc07-e396-4b36-2af9-1423fb5ac4cf", "yes_price": 22, "yes_price_dollars": "0.2200"}
{"count": 22, "count_fp": "22.00", "created_time": "2026-02-13T03:03:40.090327Z", "no_price": 81, "no_price_dollars": "0.8100", "price": 0.19, "taker_side": "yes", "ticker": "KXINX-26FEB13H1600-B6912", "trade_id": "81eef914-dc84-6785-d7d4-c5a9a9dc635f", "yes_price": 19, "yes_price_dollars": "0.1900"}
{"count": 2, "count_fp": "2.00", "created_time": "2026-02-13T03:03:40.090327Z", "no_price": 82, "no_price_dollars": "0.8200", "price": 0.18, "taker_side": "yes", "ticker": "KXINX-26FEB13H1600-B6912", "trade_id": "29ddf4fe-6e7e-67c1-efb1-a28a34f510dc", "yes_price": 18, "yes_price_dollars": "0.1800"}
{"count": 2, "count_fp": "2.00", "created_time": "2026-02-13T03:03:40.090327Z", "no_price": 86, "no_price_dollars": "0.8600", "price": 0.14, "taker_side": "yes", "ticker": "KXINX-26FEB13H1600-B6912", "trade_id": "118db77e-e4f7-64db-ec54-6f77f6549d90", "yes_price": 14, "yes_price_dollars": "0.1400"}
{"count": 25, "count_fp": "25.00", "created_time": "2026-02-13T02:30:04.570243Z", "no_price": 81, "no_price_dollars": "0.8100", "price": 0.19, "taker_side": "yes", "ticker": "KXINX-26FEB13H1600-B6912", "trade_id": "f1ed91ae-95f8-730d-d610-3530bfbf5607", "yes_price": 19, "yes_price_dollars": "0.1900"}
{"count": 27, "count_fp": "27.00", "created_time": "2026-02-13T02:30:04.570243Z", "no_price": 82, "no_price_dollars": "0.8200", "price": 0.18, "taker_side": "yes", "ticker": "KXINX-26FEB13H1600-B6912", "trade_id": "83fb5011-f5af-7298-eef2-863df01ac672", "yes_price": 18, "yes_price_dollars": "0.1800"}
{"count": 54, "count_fp": "54.00", "created_time": "2026-02-13T02:05:31.042619Z", "no_price": 82, "no_price_dollars": "0.8200", "price": 0.18, "taker_side": "yes", "ticker": "KXINX-26FEB13H1600-B6912", "trade_id": "10daa290-50af-6aa0-f90e-cbf8485ad77a", "yes_price": 18, "yes_price_dollars": "0.1800"}
{"count": 27, "count_fp": "27.00", "created_time": "2026-02-13T02:02:06.488374Z", "no_price": 82, "no_price_dollars": "0.8200", "price": 0.18, "taker_side": "yes", "ticker": "KXINX-26FEB13H1600-B6912", "trade_id": "5c47a33d-78d3-6348-25dd-f8f22e8798a6", "yes_price": 18, "yes_price_dollars": "0.1800"}
{"count": 4, "count_fp": "4.00", "created_time": "2026-02-13T01:54:14.519703Z", "no_price": 82, "no_price_dollars": "0.8200", "price": 0.18, "taker_side": "yes", "ticker": "KXINX-26FEB13H1600-B6912", "trade_id": "cd64b5a2-196b-6438-619e-f5e24790f19a", "yes_price": 18, "yes_price_dollars": "0.1800"}
{"count": 1, "count_fp": "1.00", "created_time": "2026-02-13T01:54:14.519703Z", "no_price": 82, "no_price_dollars": "0.8200", "price": 0.18, "taker_side": "yes", "ticker": "KXINX-26FEB13H1600-B6912", "trade_id": "b72e6f21-8fea-6c6a-688e-923f3dcf0ca1", "yes_price": 18, "yes_price_dollars": "0.1800"}
{"count": 1, "count_fp": "1.00", "created_time": "2026-02-13T01:42:38.648551Z", "no_price": 86, "no_price_dollars": "0.8600", "price": 0.14, "taker_side": "no", "ticker": "KXINX-26FEB13H1600-B6912", "trade_id": "267e0fb1-d0a4-6f0e-5484-cca13b330b6d", "yes_price": 14, "yes_price_dollars": "0.1400"}
{"count": 4, "count_fp": "4.00", "created_time": "2026-02-13T01:30:40.224992Z", "no_price": 81, "no_price_dollars": "0.8100", "price": 0.19, "taker_side": "yes", "ticker": "KXINX-26FEB13H1600-B6912", "trade_id": "cff0341b-9be5-53dc-05d9-9a754998f2fb", "yes_price": 19, "yes_price_dollars": "0.1900"}
{"count": 44, "count_fp": "44.00", "created_time": "2026-02-13T01:30:40.224992Z", "no_price": 80, "no_price_dollars": "0.8000", "price": 0.2, "taker_side": "yes", "ticker": "KXINX-26FEB13H1600-B6912", "trade_id": "b58551f3-dd3b-522c-3615-cb1cc6ef6102", "yes_price": 20, "yes_price_dollars": "0.2000"}
{"count": 12, "count_fp": "12.00", "created_time": "2026-02-13T01:23:40.67106Z", "no_price": 80, "no_price_dollars": "0.8000", "price": 0.2, "taker_side": "yes", "ticker": "KXINX-26FEB13H1600-B6912", "trade_id": "f77ae7da-1883-7704-eb87-070ec64fc652", "yes_price": 20, "yes_price_dollars": "0.2000"}
{"count": 2, "count_fp": "2.00", "created_time": "2026-02-13T01:23:40.67106Z", "no_price": 81, "no_price_dollars": "0.8100", "price": 0.19, "taker_side": "yes", "ticker": "KXINX-26FEB13H1600-B6912", "trade_id": "ea7eeeaa-be2a-7012-c2f8-9691e3584ca5", "yes_price": 19, "yes_price_dollars": "0.1900"}
{"count": 2, "count_fp": "2.00", "created_time": "2026-02-13T01:04:50.376135Z", "no_price": 81, "no_price_dollars": "0.8100", "price": 0.19, "taker_side": "yes", "ticker": "KXINX-26FEB13H1600-B6912", "trade_id": "d527f534-103c-5a9f-6fef-f463f1a89ab5", "yes_price": 19, "yes_price_dollars": "0.1900"}
{"count": 32, "count_fp": "32.00", "created_time": "2026-02-13T01:04:50.376135Z", "no_price": 80, "no_price_dollars": "0.8000", "price": 0.2, "taker_side": "yes", "ticker": "KXINX-26FEB13H1600-B6912", "trade_id": "23842867-a90b-5104-4635-1f0891fe8aae", "yes_price": 20, "yes_price_dollars": "0.2000"}
{"count": 16, "count_fp": "16.00", "created_time": "2026-02-13T01:04:50.376135Z", "no_price": 82, "no_price_dollars": "0.8200", "price": 0.18, "taker_side": "yes", "ticker": "KXINX-26FEB13H1600-B6912", "trade_id": "1e3902f3-b857-5fe9-4144-1e6e98b8f858", "yes_price": 18, "yes_price_dollars": "0.1800"}
{"count": 12, "count_fp": "12.00", "created_time": "2026-02-13T00:15:13.473504Z", "no_price": 87, "no_price_dollars": "0.8700", "price": 0.13, "taker_side": "no", "ticker": "KXINX-26FEB13H1600-B6912", "trade_id": "354e2f8a-55c4-627b-125f-83bfeb14dd61", "yes_price": 13, "yes_price_dollars": "0.1300"}
{"count": 3, "count_fp": "3.00", "created_time": "2026-02-13T00:14:47.735501Z", "no_price": 80, "no_price_dollars": "0.8000", "price": 0.2, "taker_side": "no", "ticker": "KXINX-26FEB13H1600-B6912", "trade_id": "808b4d98-fb1c-71f0-6df9-13ad2cc82515", "yes_price": 20, "yes_price_dollars": "0.2000"}
{"count": 3, "count_fp": "3.00", "created_time": "2026-02-13T00:10:34.463393Z", "no_price": 88, "no_price_dollars": "0.8800", "price": 0.12, "taker_side": "yes", "ticker": "KXINX-26FEB13H1600-B6912", "trade_id": "e3f1e48b-6984-5402-f1b3-16a769380a28", "yes_price": 12, "yes_price_dollars": "0.1200"}
{"count": 6, "count_fp": "6.00", "created_time": "2026-02-13T00:10:30.508038Z", "no_price": 88, "no_price_dollars": "0.8800", "price": 0.12, "taker_side": "no", "ticker": "KXINX-26FEB13H1600-B6912", "trade_id": "e4132a95-32de-4a83-6092-e7da613077e0", "yes_price": 12, "yes_price_dollars": "0.1200"}
{"count": 25, "count_fp": "25.00", "created_time": "2026-02-13T00:00:22.431943Z", "no_price": 87, "no_price_dollars": "0.8700", "price": 0.13, "taker_side": "no", "ticker": "KXINX-26FEB13H1600-B6912", "trade_id": "d3262b0b-7b0d-4494-3731-715011c82a08", "yes_price": 13, "yes_price_dollars": "0.1300"}
{"count": 3, "count_fp": "3.00", "created_time": "2026-02-13T20:44:55.838391Z", "no_price": 97, "no_price_dollars": "0.9700", "price": 0.03, "taker_side": "yes", "ticker": "KXINX-26FEB13H1600-B6887", "trade_id": "a29e5833-66a9-6425-5e34-4abc423bb954", "yes_price": 3, "yes_price_dollars": "0.0300"}
{"count": 1, "count_fp": "1.00", "created_time": "2026-02-13T20:26:57.389599Z", "no_price": 99, "no_price_dollars": "0.9900", "price": 0.01, "taker_side": "no", "ticker": "KXINX-26FEB13H1600-B6887", "trade_id": "612fb3f1-057c-4365-f416-65083b98b189", "yes_price": 1, "yes_price_dollars": "0.0100"}
{"count": 4, "count_fp": "4.00", "created_time": "2026-02-13T20:26:23.237785Z", "no_price": 99, "no_price_dollars": "0.9900", "price": 0.01, "taker_side": "no", "ticker": "KXINX-26FEB13H1600-B6887", "trade_id": "cb6eb343-5898-553d-714b-05b04666a831", "yes_price": 1, "yes_price_dollars": "0.0100"}
{"count": 432, "count_fp": "432.00", "created_time": "2026-02-13T20:14:39.639191Z", "no_price": 97, "no_price_dollars": "0.9700", "price": 0.03, "taker_side": "no", "ticker": "KXINX-26FEB13H1600-B6887", "trade_id": "6849e697-e5ba-587a-aad1-a244c5a65846", "yes_price": 3, "yes_price_dollars": "0.0300"}
{"count": 36, "count_fp": "36.00", "created_time": "2026-02-13T20:09:39.660932Z", "no_price": 93, "no_price_dollars": "0.9300", "price": 0.07, "taker_side": "yes", "ticker": "KXINX-26FEB13H1600-B6887", "trade_id": "8a26f961-4924-650e-53c0-53397b69ae9e", "yes_price": 7, "yes_price_dollars": "0.0700"}
{"count": 5, "count_fp": "5.00", "created_time": "2026-02-13T20:01:08.974137Z", "no_price": 91, "no_price_dollars": "0.9100", "price": 0.09, "taker_side": "yes", "ticker": "KXINX-26FEB13H1600-B6887", "trade_id": "0bb18095-e545-6302-7c09-1d259edfd4da", "yes_price": 9, "yes_price_dollars": "0.0900"}
{"count": 160, "count_fp": "160.00", "created_time": "2026-02-13T20:00:59.607842Z", "no_price": 93, "no_price_dollars": "0.9300", "price": 0.07, "taker_side": "no", "ticker": "KXINX-26FEB13H1600-B6887", "trade_id": "9fdeaf07-9b4a-633a-b456-850dc6db2476", "yes_price": 7, "yes_price_dollars": "0.0700"}
{"count": 15, "count_fp": "15.00", "created_time": "2026-02-13T20:00:51.059438Z", "no_price": 93, "no_price_dollars": "0.9300", "price": 0.07, "taker_side": "no", "ticker": "KXINX-26FEB13H1600-B6887", "trade_id": "55293e09-bbee-53a2-4571-dadf7b515922", "yes_price": 7, "yes_price_dollars": "0.0700"}
{"count": 18, "count_fp": "18.00", "created_time": "2026-02-13T20:00:08.42466Z", "no_price": 93, "no_price_dollars": "0.9300", "price": 0.07, "taker_side": "yes", "ticker": "KXINX-26FEB13H1600-B6887", "trade_id": "b50d9b6d-fa8c-6a9d-407d-3fac7c145a05", "yes_price": 7, "yes_price_dollars": "0.0700"}
{"count": 5, "count_fp": "5.00", "created_time": "2026-02-13T19:59:43.964418Z", "no_price": 96, "no_price_dollars": "0.9600", "price": 0.04, "taker_side": "no", "ticker": "KXINX-26FEB13H1600-B6887", "trade_id": "c616b716-31bb-5b22-666b-6fc5aa15b1fc", "yes_price": 4, "yes_price_dollars": "0.0400"}
{"count": 25, "count_fp": "25.00", "created_time": "2026-02-13T19:59:43.964418Z", "no_price": 96, "no_price_dollars": "0.9600", "price": 0.04, "taker_side": "no", "ticker": "KXINX-26FEB13H1600-B6887", "trade_id": "058b49ec-c2e1-5788-6559-840dcdbaea5c", "yes_price": 4, "yes_price_dollars": "0.0400"}
{"count": 160, "count_fp": "160.00", "created_time": "2026-02-13T19:59:09.323947Z", "no_price": 96, "no_price_dollars": "0.9600", "price": 0.04, "taker_side": "no", "ticker": "KXINX-26FEB13H1600-B6887", "trade_id": "23ed9059-0d7d-7fa8-c13c-ccb15b4ffc44", "yes_price": 4, "yes_price_dollars": "0.0400"}
{"count": 40, "count_fp": "40.00", "created_time": "2026-02-13T19:59:00.935423Z", "no_price": 94, "no_price_dollars": "0.9400", "price": 0.06, "taker_side": "no", "ticker": "KXINX-26FEB13H1600-B6887", "trade_id": "31d08728-5c5a-71b6-ddb9-dcb908fddb36", "yes_price": 6, "yes_price_dollars": "0.0600"}
{"count": 18, "count_fp": "18.00", "created_time": "2026-02-13T19:55:02.253774Z", "no_price": 88, "no_price_dollars": "0.8800", "price": 0.12, "taker_side": "yes", "ticker": "KXINX-26FEB13H1600-B6887", "trade_id": "c6883ea6-9f5d-4c4c-b0c4-6e320f512832", "yes_price": 12, "yes_price_dollars": "0.1200"}
{"count": 36, "count_fp": "36.00", "created_time": "2026-02-13T19:54:58.070625Z", "no_price": 90, "no_price_dollars": "0.9000", "price": 0.1, "taker_side": "no", "ticker": "KXINX-26FEB13H1600-B6887", "trade_id": "5dadcd69-d1a1-6b42-e626-0742fcf8770a", "yes_price": 10, "yes_price_dollars": "0.1000"}
{"count": 35, "count_fp": "35.00", "created_time": "2026-02-13T19:53:32.545732Z", "no_price": 91, "no_price_dollars": "0.9100", "price": 0.09, "taker_side": "no", "ticker": "KXINX-26FEB13H1600-B6887", "trade_id": "635739db-46f2-55f5-174f-738722fe0156", "yes_price": 9, "yes_price_dollars": "0.0900"}
{"count": 13, "count_fp": "13.00", "created_time": "2026-02-13T19:53:18.202066Z", "no_price": 86, "no_price_dollars": "0.8600", "price": 0.14, "taker_side": "yes", "ticker": "KXINX-26FEB13H1600-B6887", "trade_id": "bf48e582-b6b5-779d-8bb8-267f5fb782a8", "yes_price": 14, "yes_price_dollars": "0.1400"}
{"count": 7, "count_fp": "7.00", "created_time": "2026-02-13T19:48:36.720966Z", "no_price": 82, "no_price_dollars": "0.8200", "price": 0.18, "taker_side": "yes", "ticker": "KXINX-26FEB13H1600-B6887", "trade_id": "4b97b919-c80d-55b9-df40-2aa76417d370", "yes_price": 18, "yes_price_dollars": "0.1800"}
{"count": 5, "count_fp": "5.00", "created_time": "2026-02-13T19:42:58.585102Z", "no_price": 83, "no_price_dollars": "0.8300", "price": 0.17, "taker_side": "yes", "ticker": "KXINX-26FEB13H1600-B6887", "trade_id": "aeb127a3-aad1-42cb-b258-26fbdb30fb16", "yes_price": 17, "yes_price_dollars": "0.1700"}
{"count": 5, "count_fp": "5.00", "created_time": "2026-02-13T19:42:14.033755Z", "no_price": 86, "no_price_dollars": "0.8600", "price": 0.14, "taker_side": "yes", "ticker": "KXINX-26FEB13H1600-B6887", "trade_id": "30fd68d9-35f5-4739-9305-becda71b1d44", "yes_price": 14, "yes_price_dollars": "0.1400"}
{"count": 110, "count_fp": "110.00", "created_time": "2026-02-13T19:41:11.890312Z", "no_price": 79, "no_price_dollars": "0.7900", "price": 0.21, "taker_side": "yes", "ticker": "KXINX-26FEB13H1600-B6887", "trade_id": "17bda6db-fcbd-7afd-9ba0-daff37b636c0", "yes_price": 21, "yes_price_dollars": "0.2100"}
{"count": 5, "count_fp": "5.00", "created_time": "2026-02-13T19:40:37.598665Z", "no_price": 78, "no_price_dollars": "0.7800", "price": 0.22, "taker_side": "yes", "ticker": "KXINX-26FEB13H1600-B6887", "trade_id": "d5d448a7-a810-4481-ac85-52f1b0ea4e05", "yes_price": 22, "yes_price_dollars": "0.2200"}
{"count": 5, "count_fp": "5.00", "created_time": "2026-02-13T19:39:46.368116Z", "no_price": 80, "no_price_dollars": "0.8000", "price": 0.2, "taker_side": "yes", "ticker": "KXINX-26FEB13H1600-B6887", "trade_id": "4d44e2d4-2f98-4d0a-b30f-5790b733cc79", "yes_price": 20, "yes_price_dollars": "0.2000"}
{"count": 43, "count_fp": "43.00", "created_time": "2026-02-13T19:39:46.368116Z", "no_price": 80, "no_price_dollars": "0.8000", "price": 0.2, "taker_side": "yes", "ticker": "KXINX-26FEB13H1600-B6887", "trade_id": "0beac086-bbeb-48d9-ba99-e0074bc33760", "yes_price": 20, "yes_price_dollars": "0.2000"}
{"count": 83, "count_fp": "83.00", "created_time": "2026-02-13T19:38:53.709227Z", "no_price": 78, "no_price_dollars": "0.7800", "price": 0.22, "taker_side": "no", "ticker": "KXINX-26FEB13H1600-B6887", "trade_id": "d746f3b5-62f2-42e1-2e4e-e7b03166a212", "yes_price": 22, "yes_price_dollars": "0.2200"}
{"count": 5, "count_fp": "5.00", "created_time": "2026-02-13T19:38:07.289751Z", "no_price": 74, "no_price_dollars": "0.7400", "price": 0.26, "taker_side": "yes", "ticker": "KXINX-26FEB13H1600-B6887", "trade_id": "91c1cc43-5ba1-4acd-baa4-77e6f709a9cd", "yes_price": 26, "yes_price_dollars": "0.2600"}
{"count": 10, "count_fp": "10.00", "created_time": "2026-02-13T19:38:07.289751Z", "no_price": 74, "no_price_dollars": "0.7400", "price": 0.26, "taker_side": "yes", "ticker": "KXINX-26FEB13H1600-B6887", "trade_id": "588d4505-3a9b-4052-879d-bda1e6980307", "yes_price": 26, "yes_price_dollars": "0.2600"}
{"count": 5, "count_fp": "5.00", "created_time": "2026-02-13T19:35:08.601457Z", "no_price": 67, "no_price_dollars": "0.6700", "price": 0.33, "taker_side": "yes", "ticker": "KXINX-26FEB13H1600-B6887", "trade_id": "fd3afe93-6487-683e-d9a7-c214a49400e0", "yes_price": 33, "yes_price_dollars": "0.3300"}
{"count": 194, "count_fp": "194.00", "created_time": "2026-02-13T19:35:08.601457Z", "no_price": 67, "no_price_dollars": "0.6700", "price": 0.33, "taker_side": "yes", "ticker": "KXINX-26FEB13H1600-B6887", "trade_id": "291259a4-c031-6291-f5b7-9efb08ab90b8", "yes_price": 33, "yes_price_dollars": "0.3300"}
{"count": 1, "count_fp": "1.00", "created_time": "2026-02-13T19:34:40.904789Z", "no_price": 71, "no_price_dollars": "0.7100", "price": 0.29, "taker_side": "yes", "ticker": "KXINX-26FEB13H1600-B6887", "trade_id": "c630396b-a9b2-655f-f54d-0ad60e3ff20e", "yes_price": 29, "yes_price_dollars": "0.2900"}
{"count": 3, "count_fp": "3.00", "created_time": "2026-02-13T19:34:03.067448Z", "no_price": 71, "no_price_dollars": "0.7100", "price": 0.29, "taker_side": "no", "ticker": "KXINX-26FEB13H1600-B6887", "trade_id": "a64e6a6f-0730-662c-8711-950c4aee873c", "yes_price": 29, "yes_price_dollars": "0.2900"}
{"count": 3, "count_fp": "3.00", "created_time": "2026-02-13T19:31:26.956818Z", "no_price": 68, "no_price_dollars": "0.6800", "price": 0.32, "taker_side": "yes", "ticker": "KXINX-26FEB13H1600-B6887", "trade_id": "fffd43ea-f8c6-661b-2a2b-795dc6c3a877", "yes_price": 32, "yes_price_dollars": "0.3200"}
{"count": 3, "count_fp": "3.00", "created_time": "2026-02-13T19:30:33.730255Z", "no_price": 70, "no_price_dollars": "0.7000", "price": 0.3, "taker_side": "yes", "ticker": "KXINX-26FEB13H1600-B6887", "trade_id": "db450c9d-0bcf-5288-2ebc-5d1b84b72241", "yes_price": 30, "yes_price_dollars": "0.3000"}
{"count": 20, "count_fp": "20.00", "created_time": "2026-02-13T19:30:23.816306Z", "no_price": 71, "no_price_dollars": "0.7100", "price": 0.29, "taker_side": "no", "ticker": "KXINX-26FEB13H1600-B6887", "trade_id": "b906a699-87ba-77a1-dd7b-14f38c6367da", "yes_price": 29, "yes_price_dollars": "0.2900"}
{"count": 8, "count_fp": "8.00", "created_time": "2026-02-13T19:30:22.590676Z", "no_price": 74, "no_price_dollars": "0.7400", "price": 0.26, "taker_side": "yes", "ticker": "KXINX-26FEB13H1600-B6887", "trade_id": "302fa6cf-aabf-48d4-aef5-f79979ce62f7", "yes_price": 26, "yes_price_dollars": "0.2600"}
{"count": 387, "count_fp": "387.00", "created_time": "2026-02-13T19:29:37.238178Z", "no_price": 75, "no_price_dollars": "0.7500", "price": 0.25, "taker_side": "no", "ticker": "KXINX-26FEB13H1600-B6887", "trade_id": "f3c7a148-0bb1-50a8-5dcd-da99f5c5336e", "yes_price": 25, "yes_price_dollars": "0.2500"}
{"count": 38, "count_fp": "38.00", "created_time": "2026-02-13T19:29:34.531306Z", "no_price": 75, "no_price_dollars": "0.7500", "price": 0.25, "taker_side": "no", "ticker": "KXINX-26FEB13H1600-B6887", "trade_id": "486819d9-0f39-5db0-9fae-f80923872dba", "yes_price": 25, "yes_price_dollars": "0.2500"}
{"count": 16, "count_fp": "16.00", "created_time": "2026-02-13T19:29:22.474122Z", "no_price": 74, "no_price_dollars": "0.7400", "price": 0.26, "taker_side": "no", "ticker": "KXINX-26FEB13H1600-B6887", "trade_id": "46f58f47-c17d-4248-800f-b8e3d2e37260", "yes_price": 26, "yes_price_dollars": "0.2600"}
{"count": 59, "count_fp": "59.00", "created_time": "2026-02-13T19:28:22.781061Z", "no_price": 68, "no_price_dollars": "0.6800", "price": 0.32, "taker_side": "yes", "ticker": "KXINX-26FEB13H1600-B6887", "trade_id": "0ff9ebbe-da49-4079-47e0-d62f1dc98268", "yes_price": 32, "yes_price_dollars": "0.3200"}
{"count": 322, "count_fp": "322.00", "created_time": "2026-02-13T19:26:05.46504Z", "no_price": 64, "no_price_dollars": "0.6400", "price": 0.36, "taker_side": "no", "ticker": "KXINX-26FEB13H1600-B6887", "trade_id": "f21d1239-b2de-57e9-6d65-cb5490775b9e", "yes_price": 36, "yes_price_dollars": "0.3600"}
{"count": 13, "count_fp": "13.00", "created_time": "2026-02-13T19:23:41.12586Z", "no_price": 63, "no_price_dollars": "0.6300", "price": 0.37, "taker_side": "no", "ticker": "KXINX-26FEB13H1600-B6887", "trade_id": "0869228a-f94e-7b44-3de9-282bd3e8ed36", "yes_price": 37, "yes_price_dollars": "0.3700"}
{"count": 5, "count_fp": "5.00", "created_time": "2026-02-13T19:21:45.235553Z", "no_price": 62, "no_price_dollars": "0.6200", "price": 0.38, "taker_side": "yes", "ticker": "KXINX-26FEB13H1600-B6887", "trade_id": "6fd11905-76e5-6b70-4cce-9b6992420f1f", "yes_price": 38, "yes_price_dollars": "0.3800"}
{"count": 5, "count_fp": "5.00", "created_time": "2026-02-13T19:21:42.973042Z", "no_price": 62, "no_price_dollars": "0.6200", "price": 0.38, "taker_side": "yes", "ticker": "KXINX-26FEB13H1600-B6887", "trade_id": "126d6b32-3ce9-4434-40f6-2bd735e70a9f", "yes_price": 38, "yes_price_dollars": "0.3800"}
{"count": 1, "count_fp": "1.00", "created_time": "2026-02-13T19:20:02.938198Z", "no_price": 66, "no_price_dollars": "0.6600", "price": 0.34, "taker_side": "no", "ticker": "KXINX-26FEB13H1600-B6887", "trade_id": "392da075-0e0e-570f-6fcc-cc685aa4fbdc", "yes_price": 34, "yes_price_dollars": "0.3400"}
{"count": 20, "count_fp": "20.00", "created_time": "2026-02-13T19:19:30.127501Z", "no_price": 67, "no_price_dollars": "0.6700", "price": 0.33, "taker_side": "no", "ticker": "KXINX-26FEB13H1600-B6887", "trade_id": "f2a3ff1f-c2a1-46a2-85a2-1b242f36ffd3", "yes_price": 33, "yes_price_dollars": "0.3300"}
{"count": 222, "count_fp": "222.00", "created_time": "2026-02-13T19:19:30.127501Z", "no_price": 67, "no_price_dollars": "0.6700", "price": 0.33, "taker_side": "no", "ticker": "KXINX-26FEB13H1600-B6887", "trade_id": "c39120eb-82fe-425d-b597-3bb9c1cfbcde", "yes_price": 33, "yes_price_dollars": "0.3300"}
{"count": 20, "count_fp": "20.00", "created_time": "2026-02-13T19:18:26.277102Z", "no_price": 66, "no_price_dollars": "0.6600", "price": 0.34, "taker_side": "no", "ticker": "KXINX-26FEB13H1600-B6887", "trade_id": "7e58d1b9-3402-52b5-6048-9a99628587b7", "yes_price": 34, "yes_price_dollars": "0.3400"}
{"count": 20, "count_fp": "20.00", "created_time": "2026-02-13T19:18:25.040422Z", "no_price": 65, "no_price_dollars": "0.6500", "price": 0.35, "taker_side": "no", "ticker": "KXINX-26FEB13H1600-B6887", "trade_id": "79ce0b26-6df3-5f09-5596-e14d56680f60", "yes_price": 35, "yes_price_dollars": "0.3500"}
{"count": 1, "count_fp": "1.00", "created_time": "2026-02-13T19:18:03.194186Z", "no_price": 68, "no_price_dollars": "0.6800", "price": 0.32, "taker_side": "no", "ticker": "KXINX-26FEB13H1600-B6887", "trade_id": "24a971fc-05f8-52cf-296e-44fc53622f54", "yes_price": 32, "yes_price_dollars": "0.3200"}
{"count": 1, "count_fp": "1.00", "created_time": "2026-02-13T19:16:11.515418Z", "no_price": 67, "no_price_dollars": "0.6700", "price": 0.33, "taker_side": "no", "ticker": "KXINX-26FEB13H1600-B6887", "trade_id": "198c496f-b733-614f-062a-00c526f39d36", "yes_price": 33, "yes_price_dollars": "0.3300"}
{"count": 5, "count_fp": "5.00", "created_time": "2026-02-13T19:13:12.875547Z", "no_price": 62, "no_price_dollars": "0.6200", "price": 0.38, "taker_side": "no", "ticker": "KXINX-26FEB13H1600-B6887", "trade_id": "8dda7211-4c73-5c9d-4e83-69ef6463adf2", "yes_price": 38, "yes_price_dollars": "0.3800"}
{"count": 15, "count_fp": "15.00", "created_time": "2026-02-13T19:12:47.87143Z", "no_price": 62, "no_price_dollars": "0.6200", "price": 0.38, "taker_side": "no", "ticker": "KXINX-26FEB13H1600-B6887", "trade_id": "7f7c332c-258b-5e19-82a9-bf7acf35bd36", "yes_price": 38, "yes_price_dollars": "0.3800"}
{"count": 7, "count_fp": "7.00", "created_time": "2026-02-13T19:12:11.124303Z", "no_price": 64, "no_price_dollars": "0.6400", "price": 0.36, "taker_side": "yes", "ticker": "KXINX-26FEB13H1600-B6887", "trade_id": "d013c601-270a-4d3a-8ebd-44e4673cecf7", "yes_price": 36, "yes_price_dollars": "0.3600"}
{"count": 13, "count_fp": "13.00", "created_time": "2026-02-13T19:08:04.697186Z", "no_price": 66, "no_price_dollars": "0.6600", "price": 0.34, "taker_side": "yes", "ticker": "KXINX-26FEB13H1600-B6887", "trade_id": "15a6f40c-a051-4b01-805c-4ad64be5cf38", "yes_price": 34, "yes_price_dollars": "0.3400"}
{"count": 5, "count_fp": "5.00", "created_time": "2026-02-13T19:05:22.0927Z", "no_price": 68, "no_price_dollars": "0.6800", "price": 0.32, "taker_side": "no", "ticker": "KXINX-26FEB13H1600-B6887", "trade_id": "9567adec-ad85-5be2-4ee8-ddc3f1357b28", "yes_price": 32, "yes_price_dollars": "0.3200"}
{"count": 6, "count_fp": "6.00", "created_time": "2026-02-13T19:03:18.49261Z", "no_price": 68, "no_price_dollars": "0.6800", "price": 0.32, "taker_side": "yes", "ticker": "KXINX-26FEB13H1600-B6887", "trade_id": "31164482-ac11-760d-de21-da0a55afc554", "yes_price": 32, "yes_price_dollars": "0.3200"}
{"count": 100, "count_fp": "100.00", "created_time": "2026-02-13T19:02:53.919801Z", "no_price": 67, "no_price_dollars": "0.6700", "price": 0.33, "taker_side": "yes", "ticker": "KXINX-26FEB13H1600-B6887", "trade_id": "fa975c49-c9fd-4565-9a9e-d1004760a148", "yes_price": 33, "yes_price_dollars": "0.3300"}
{"count": 5, "count_fp": "5.00", "created_time": "2026-02-13T18:59:34.62417Z", "no_price": 68, "no_price_dollars": "0.6800", "price": 0.32, "taker_side": "yes", "ticker": "KXINX-26FEB13H1600-B6887", "trade_id": "4d73f935-9f1d-4f11-4bc9-356711f5f9dc", "yes_price": 32, "yes_price_dollars": "0.3200"}
{"count": 5, "count_fp": "5.00", "created_time": "2026-02-13T18:58:54.504083Z", "no_price": 70, "no_price_dollars": "0.7000", "price": 0.3, "taker_side": "no", "ticker": "KXINX-26FEB13H1600-B6887", "trade_id": "9e68d593-c352-51bf-4671-4bd373015bb7", "yes_price": 30, "yes_price_dollars": "0.3000"}
{"count": 4, "count_fp": "4.00", "created_time": "2026-02-13T18:58:28.509128Z", "no_price": 68, "no_price_dollars": "0.6800", "price": 0.32, "taker_side": "yes", "ticker": "KXINX-26FEB13H1600-B6887", "trade_id": "ec351ea9-f18d-5881-9b29-3377f9393a40", "yes_price": 32, "yes_price_dollars": "0.3200"}
{"count": 1, "count_fp": "1.00", "created_time": "2026-02-13T18:58:28.509128Z", "no_price": 68, "no_price_dollars": "0.6800", "price": 0.32, "taker_side": "yes", "ticker": "KXINX-26FEB13H1600-B6887", "trade_id": "0c10e4b7-3b99-5ebd-a8fd-8dd4a94a13e5", "yes_price": 32, "yes_price_dollars": "0.3200"}
{"count": 7, "count_fp": "7.00", "created_time": "2026-02-13T18:56:05.777522Z", "no_price": 63, "no_price_dollars": "0.6300", "price": 0.37, "taker_side": "yes", "ticker": "KXINX-26FEB13H1600-B6887", "trade_id": "72e5d529-47f8-47de-8ad1-86553de67a9e", "yes_price": 37, "yes_price_dollars": "0.3700"}
{"count": 7, "count_fp": "7.00", "created_time": "2026-02-13T18:55:19.700063Z", "no_price": 68, "no_price_dollars": "0.6800", "price": 0.32, "taker_side": "no", "ticker": "KXINX-26FEB13H1600-B6887", "trade_id": "29865c7f-1a1c-77dc-acb0-eda23cd73842", "yes_price": 32, "yes_price_dollars": "0.3200"}
{"count": 37, "count_fp": "37.00", "created_time": "2026-02-13T18:53:53.994422Z", "no_price": 69, "no_price_dollars": "0.6900", "price": 0.31, "taker_side": "yes", "ticker": "KXINX-26FEB13H1600-B6887", "trade_id": "71bc5014-2f64-4132-acf2-00498aff53f4", "yes_price": 31, "yes_price_dollars": "0.3100"}
