{"count": 10, "count_fp": "10.00", "created_time": "2026-02-14T23:45:50.255656Z", "no_price": 36, "no_price_dollars": "0.3600", "price": 0.64, "taker_side": "no", "ticker": "KXINXPOS-26DEC31H1900-T6845.5", "trade_id": "cf68a0d9-6b18-486f-5bb4-15cbaba08541", "yes_price": 64, "yes_price_dollars": "0.6400"}
{"count": 113, "count_fp": "113.00", "created_time": "2026-02-14T23:45:27.857672Z", "no_price": 33, "no_price_dollars": "0.3300", "price": 0.67, "taker_side": "yes", "ticker": "KXINXPOS-26DEC31H1900-T6845.5", "trade_id": "e031ba18-3d52-4f9c-e5c0-102c2a77988f", "yes_price": 67, "yes_price_dollars": "0.6700"}
{"count": 8, "count_fp": "8.00", "created_time": "2026-02-14T23:45:27.857672Z", "no_price": 34, "no_price_dollars": "0.3400", "price": 0.66, "taker_side": "yes", "ticker": "KXINXPOS-26DEC31H1900-T6845.5", "trade_id": "bec933e2-957a-4c75-f8a8-be66f9da3d39", "yes_price": 66, "yes_price_dollars": "0.6600"}
{"count": 4, "count_fp": "4.00", "created_time": "2026-02-14T23:45:27.857672Z", "no_price": 34, "no_price_dollars": "0.3400", "price": 0.66, "taker_side": "yes", "ticker": "KXINXPOS-26DEC31H1900-T6845.5", "trade_id": "0123daa6-94ae-4dd6-f13c-e61afe16bb7d", "yes_price": 66, "yes_price_dollars": "0.6600"}
{"count": 21, "count_fp": "21.00", "created_time": "2026-02-14T22:50:16.423711Z", "no_price": 36, "no_price_dollars": "0.3600", "price": 0.64, "taker_side": "no", "ticker": "KXINXPOS-26DEC31H1900-T6845.5", "trade_id": "400b7b4f-31e0-4743-6813-2c66d54e8c35", "yes_price": 64, "yes_price_dollars": "0.6400"}
{"count": 6, "count_fp": "6.00", "created_time": "2026-02-14T19:28:09.864728Z", "no_price": 37, "no_price_dollars": "0.3700", "price": 0.63, "taker_side": "no", "ticker": "KXINXPOS-26DEC31H1900-T6845.5", "trade_id": "79cab407-3ee4-5f69-711b-34878610f87d", "yes_price": 63, "yes_price_dollars": "0.6300"}
{"count": 123, "count_fp": "123.00", "created_time": "2026-02-14T19:28:09.864728Z", "no_price": 37, "no_price_dollars": "0.3700", "price": 0.63, "taker_side": "no", "ticker": "KXINXPOS-26DEC31H1900-T6845.5", "trade_id": "3f842d12-57b6-5b8c-40c8-13689231d9c8", "yes_price": 63, "yes_price_dollars": "0.6300"}
{"count": 29, "count_fp": "29.00", "created_time": "2026-02-14T17:39:16.252369Z", "no_price": 35, "no_price_dollars": "0.3500", "price": 0.65, "taker_side": "yes", "ticker": "KXINXPOS-26DEC31H1900-T6845.5", "trade_id": "9671eb9e-cbe5-413d-be38-ab1fc1c63597", "yes_price": 65, "yes_price_dollars": "0.6500"}
{"count": 4, "count_fp": "4.00", "created_time": "2026-02-14T17:03:44.659911Z", "no_price": 35, "no_price_dollars": "0.3500", "price": 0.65, "taker_side": "yes", "ticker": "KXINXPOS-26DEC31H1900-T6845.5", "trade_id": "f62ed97c-aa4d-6185-3f5c-19f0d51dc087", "yes_price": 65, "yes_price_dollars": "0.6500"}
{"count": 1, "count_fp": "1.00", "created_time": "2026-02-14T16:33:52.12442Z", "no_price": 35, "no_price_dollars": "0.3500", "price": 0.65, "taker_side": "yes", "ticker": "KXINXPOS-26DEC31H1900-T6845.5", "trade_id": "b4027839-6f29-6e8d-37f1-a93142396a0f", "yes_price": 65, "yes_price_dollars": "0.6500"}
{"count": 2, "count_fp": "2.00", "created_time": "2026-02-14T16:08:47.247506Z", "no_price": 37, "no_price_dollars": "0.3700", "price": 0.63, "taker_side": "no", "ticker": "KXINXPOS-26DEC31H1900-T6845.5", "trade_id": "e7da39ff-58ec-64d5-dfd0-651d74e5e92d", "yes_price": 63, "yes_price_dollars": "0.6300"}
{"count": 216, "count_fp": "216.00", "created_time": "2026-02-14T15:35:00.54944Z", "no_price": 36, "no_price_dollars": "0.3600", "price": 0.64, "taker_side": "yes", "ticker": "KXINXPOS-26DEC31H1900-T6845.5", "trade_id": "e5d134da-3bde-78e0-c866-30a927463b4b", "yes_price": 64, "yes_price_dollars": "0.6400"}
{"count": 88, "count_fp": "88.00", "created_time": "2026-02-14T15:35:00.54944Z", "no_price": 34, "no_price_dollars": "0.3400", "price": 0.66, "taker_side": "yes", "ticker": "KXINXPOS-26DEC31H1900-T6845.5", "trade_id": "d560e5f6-1132-7586-e0ab-d1ba7f425353", "yes_price": 66, "yes_price_dollars": "0.6600"}
{"count": 122, "count_fp": "122.00", "created_time": "2026-02-14T15:35:00.54944Z", "no_price": 34, "no_price_dollars": "0.3400", "price": 0.66, "taker_side": "yes", "ticker": "KXINXPOS-26DEC31H1900-T6845.5", "trade_id": "c25f705c-e586-7d50-c2f8-595d9b49a5f0", "yes_price": 66, "yes_price_dollars": "0.6600"}
{"count": 901, "count_fp": "901.00", "created_time": "2026-02-14T15:35:00.54944Z", "no_price": 36, "no_price_dollars": "0.3600", "price": 0.64, "taker_side": "yes", "ticker": "KXINXPOS-26DEC31H1900-T6845.5", "trade_id": "a3165491-14c5-79be-ec44-be60ae99f81f", "yes_price": 64, "yes_price_dollars": "0.6400"}
{"count": 500, "count_fp": "500.00", "created_time": "2026-02-14T15:35:00.54944Z", "no_price": 35, "no_price_dollars": "0.3500", "price": 0.65, "taker_side": "yes", "ticker": "KXINXPOS-26DEC31H1900-T6845.5", "trade_id": "7ea188e5-df93-7499-fad5-df229e7762a6", "yes_price": 65, "yes_price_dollars": "0.6500"}
{"count": 14, "count_fp": "14.00", "created_time": "2026-02-14T15:35:00.54944Z", "no_price": 34, "no_price_dollars": "0.3400", "price": 0.66, "taker_side": "yes", "ticker": "KXINXPOS-26DEC31H1900-T6845.5", "trade_id": "7a33c3b8-afe3-7bdb-db7e-f390116bf3a3", "yes_price": 66, "yes_price_dollars": "0.6600"}
{"count": 4, "count_fp": "4.00", "created_time": "2026-02-14T15:35:00.54944Z", "no_price": 36, "no_price_dollars": "0.3600", "price": 0.64, "taker_side": "yes", "ticker": "KXINXPOS-26DEC31H1900-T6845.5", "trade_id": "770c431e-3574-776a-fe9c-671fd31a99d5", "yes_price": 64, "yes_price_dollars": "0.6400"}
{"count": 385, "count_fp": "385.00", "created_time": "2026-02-14T15:35:00.54944Z", "no_price": 34, "no_price_dollars": "0.3400", "price": 0.66, "taker_side": "yes", "ticker": "KXINXPOS-26DEC31H1900-T6845.5", "trade_id": "68a438c4-0a00-7ddd-d1ac-31a9778a5ad6", "yes_price": 66, "yes_price_dollars": "0.6600"}
{"count": 15, "count_fp": "15.00", "created_time": "2026-02-14T15:35:00.54944Z", "no_price": 34, "no_price_dollars": "0.3400", "price": 0.66, "taker_side": "yes", "ticker": "KXINXPOS-26DEC31H1900-T6845.5", "trade_id": "03390b31-6648-75ae-ccae-37fd612e73f1", "yes_price": 66, "yes_price_dollars": "0.6600"}
{"count": 23, "count_fp": "23.00", "created_time": "2026-02-14T14:36:46.019837Z", "no_price": 36, "no_price_dollars": "0.3600", "price": 0.64, "taker_side": "yes", "ticker": "KXINXPOS-26DEC31H1900-T6845.5", "trade_id": "ee5d467a-46e1-65b6-79e9-1b71337bf73b", "yes_price": 64, "yes_price_dollars": "0.6400"}
{"count": 61, "count_fp": "61.00", "created_time": "2026-02-14T13:05:35.06424Z", "no_price": 36, "no_price_dollars": "0.3600", "price": 0.64, "taker_side": "yes", "ticker": "KXINXPOS-26DEC31H1900-T6845.5", "trade_id": "ef0db8ea-f615-565e-232f-bd56f125667f", "yes_price": 64, "yes_price_dollars": "0.6400"}
{"count": 2, "count_fp": "2.00", "created_time": "2026-02-14T10:50:13.963231Z", "no_price": 37, "no_price_dollars": "0.3700", "price": 0.63, "taker_side": "no", "ticker": "KXINXPOS-26DEC31H1900-T6845.5", "trade_id": "1f108a62-3ef8-7129-9cf0-062483e86b6d", "yes_price": 63, "yes_price_dollars": "0.6300"}
{"count": 15, "count_fp": "15.00", "created_time": "2026-02-14T05:03:04.992724Z", "no_price": 36, "no_price_dollars": "0.3600", "price": 0.64, "taker_side": "yes", "ticker": "KXINXPOS-26DEC31H1900-T6845.5", "trade_id": "3ee94f2c-a805-7036-94e2-1b144a7d915f", "yes_price": 64, "yes_price_dollars": "0.6400"}
{"count": 1, "count_fp": "1.00", "created_time": "2026-02-14T04:11:28.117609Z", "no_price": 37, "no_price_dollars": "0.3700", "price": 0.63, "taker_side": "yes", "ticker": "KXINXPOS-26DEC31H1900-T6845.5", "trade_id": "2e3bd2b1-4de3-5de6-4d42-48605f2d22c8", "yes_price": 63, "yes_price_dollars": "0.6300"}
{"count": 19, "count_fp": "19.00", "created_time": "2026-02-14T04:04:26.563877Z", "no_price": 37, "no_price_dollars": "0.3700", "price": 0.63, "taker_side": "yes", "ticker": "KXINXPOS-26DEC31H1900-T6845.5", "trade_id": "95d1b04d-a4ef-50ee-264a-3b695a07cc74", "yes_price": 63, "yes_price_dollars": "0.6300"}
{"count": 1, "count_fp": "1.00", "created_time": "2026-02-14T04:04:26.563877Z", "no_price": 37, "no_price_dollars": "0.3700", "price": 0.63, "taker_side": "yes", "ticker": "KXINXPOS-26DEC31H1900-T6845.5", "trade_id": "895ba344-a1b8-52b7-30e5-cf82acbaf1e6", "yes_price": 63, "yes_price_dollars": "0.6300"}
{"count": 1, "count_fp": "1.00", "created_time": "2026-02-14T03:03:14.386234Z", "no_price": 39, "no_price_dollars": "0.3900", "price": 0.61, "taker_side": "no", "ticker": "KXINXPOS-26DEC31H1900-T6845.5", "trade_id": "0b651d71-1e0b-65b4-a669-f4e810cf7013", "yes_price": 61, "yes_price_dollars": "0.6100"}
{"count": 1, "count_fp": "1.00", "created_time": "2026-02-14T03:02:46.337248Z", "no_price": 37, "no_price_dollars": "0.3700", "price": 0.63, "taker_side": "yes", "ticker": "KXINXPOS-26DEC31H1900-T6845.5", "trade_id": "425b5992-2d5a-739c-a5d7-e004ee7b0ec2", "yes_price": 63, "yes_price_dollars": "0.6300"}
{"count": 248, "count_fp": "248.00", "created_time": "2026-02-14T02:08:45.320578Z", "no_price": 37, "no_price_dollars": "0.3700", "price": 0.63, "taker_side": "yes", "ticker": "KXINXPOS-26DEC31H1900-T6845.5", "trade_id": "c1ce38b3-e726-629b-09ec-c7a49dc1d7a5", "yes_price": 63, "yes_price_dollars": "0.6300"}
{"count": 25, "count_fp": "25.00", "created_time": "2026-02-14T01:47:09.603888Z", "no_price": 39, "no_price_dollars": "0.3900", "price": 0.61, "taker_side": "no", "ticker": "KXINXPOS-26DEC31H1900-T6845.5", "trade_id": "66aa35a0-b067-4d27-65cf-d019e613e867", "yes_price": 61, "yes_price_dollars": "0.6100"}
{"count": 10, "count_fp": "10.00", "created_time": "2026-02-14T01:47:09.603888Z", "no_price": 40, "no_price_dollars": "0.4000", "price": 0.6, "taker_side": "no", "ticker": "KXINXPOS-26DEC31H1900-T6845.5", "trade_id": "4a170c33-e886-41b7-46be-06ad7a89b1d3", "yes_price": 60, "yes_price_dollars": "0.6000"}
{"count": 1, "count_fp": "1.00", "created_time": "2026-02-14T01:47:09.603888Z", "no_price": 39, "no_price_dollars": "0.3900", "price": 0.61, "taker_side": "no", "ticker": "KXINXPOS-26DEC31H1900-T6845.5", "trade_id": "2684a95d-e6eb-4884-5390-6aa974eab86a", "yes_price": 61, "yes_price_dollars": "0.6100"}
{"count": 7, "count_fp": "7.00", "created_time": "2026-02-14T00:29:26.85063Z", "no_price": 39, "no_price_dollars": "0.3900", "price": 0.61, "taker_side": "no", "ticker": "KXINXPOS-26DEC31H1900-T6845.5", "trade_id": "f0d89072-242f-6223-a4ef-b7aa46b76373", "yes_price": 61, "yes_price_dollars": "0.6100"}
{"count": 12, "count_fp": "12.00", "created_time": "2026-02-14T00:20:54.528594Z", "no_price": 39, "no_price_dollars": "0.3900", "price": 0.61, "taker_side": "no", "ticker": "KXINXPOS-26DEC31H1900-T6845.5", "trade_id": "8d219a19-a825-661f-92a5-482a2816d3cd", "yes_price": 61, "yes_price_dollars": "0.6100"}
