{"count": 2, "count_fp": "2.00", "created_time": "2026-02-07T21:20:16.382291Z", "no_price": 90, "no_price_dollars": "0.9000", "price": 0.1, "taker_side": "yes", "ticker": "KXINX-26FEB13H1600-T7124.9999", "trade_id": "6ab96062-2915-5225-4551-5ea47b00f87f", "yes_price": 10, "yes_price_dollars": "0.1000"}
{"count": 2, "count_fp": "2.00", "created_time": "2026-02-07T20:19:53.050212Z", "no_price": 90, "no_price_dollars": "0.9000", "price": 0.1, "taker_side": "yes", "ticker": "KXINX-26FEB13H1600-T6425", "trade_id": "aab39a2b-4da8-5c51-5229-7a1f11ca270e", "yes_price": 10, "yes_price_dollars": "0.1000"}
{"count": 2, "count_fp": "2.00", "created_time": "2026-02-07T20:34:58.147903Z", "no_price": 91, "no_price_dollars": "0.9100", "price": 0.09, "taker_side": "yes", "ticker": "KXINX-26FEB13H1600-B7112", "trade_id": "80f7252e-6ad9-534c-e97e-93ed06e5cfb0", "yes_price": 9, "yes_price_dollars": "0.0900"}
{"count": 1, "count_fp": "1.00", "created_time": "2026-02-07T20:50:02.82432Z", "no_price": 88, "no_price_dollars": "0.8800", "price": 0.12, "taker_side": "yes", "ticker": "KXINX-26FEB13H1600-B7087", "trade_id": "2669b0bc-120f-6d16-817d-ab236623f4c8", "yes_price": 12, "yes_price_dollars": "0.1200"}
{"count": 2, "count_fp": "2.00", "created_time": "2026-02-07T21:05:07.896412Z", "no_price": 90, "no_price_dollars": "0.9000", "price": 0.1, "taker_side": "yes", "ticker": "KXINX-26FEB13H1600-B7062", "trade_id": "1ed62126-327c-4943-1b31-523ac61e8fa6", "yes_price": 10, "yes_price_dollars": "0.1000"}
{"count": 1, "count_fp": "1.00", "created_time": "2026-02-07T22:20:37.538147Z", "no_price": 88, "no_price_dollars": "0.8800", "price": 0.12, "taker_side": "yes", "ticker": "KXINX-26FEB13H1600-B7037", "trade_id": "4da82ad6-6886-78a1-4cf8-26abce135e03", "yes_price": 12, "yes_price_dollars": "0.1200"}
{"count": 2, "count_fp": "2.00", "created_time": "2026-02-07T22:35:42.688022Z", "no_price": 91, "no_price_dollars": "0.9100", "price": 0.09, "taker_side": "yes", "ticker": "KXINX-26FEB13H1600-B7012", "trade_id": "03562ca6-1e85-4953-e2b4-3402f893e2c2", "yes_price": 9, "yes_price_dollars": "0.0900"}
{"count": 2, "count_fp": "2.00", "created_time": "2026-02-07T22:50:47.768551Z", "no_price": 90, "no_price_dollars": "0.9000", "price": 0.1, "taker_side": "yes", "ticker": "KXINX-26FEB13H1600-B6987", "trade_id": "02c9e634-0603-4244-e580-38c97aa309e0", "yes_price": 10, "yes_price_dollars": "0.1000"}
{"count": 1, "count_fp": "1.00", "created_time": "2026-02-07T23:05:53.484773Z", "no_price": 88, "no_price_dollars": "0.8800", "price": 0.12, "taker_side": "yes", "ticker": "KXINX-26FEB13H1600-B6962", "trade_id": "c4bef62e-8265-6773-4421-2bf3f0d8f315", "yes_price": 12, "yes_price_dollars": "0.1200"}
{"count": 1, "count_fp": "1.00", "created_time": "2026-02-07T23:20:59.620155Z", "no_price": 88, "no_price_dollars": "0.8800", "price": 0.12, "taker_side": "yes", "ticker": "KXINX-26FEB13H1600-B6937", "trade_id": "24bfa33d-ece7-4a28-c467-d424ba67ef6b", "yes_price": 12, "yes_price_dollars": "0.1200"}
{"count": 1, "count_fp": "1.00", "created_time": "2026-02-07T23:36:04.993872Z", "no_price": 86, "no_price_dollars": "0.8600", "price": 0.14, "taker_side": "yes", "ticker": "KXINX-26FEB13H1600-B6912", "trade_id": "e68a9db8-0d8e-55f2-1c2c-f9f1be930bf7", "yes_price": 14, "yes_price_dollars": "0.1400"}
{"count": 32, "count_fp": "32.00", "created_time": "2026-02-07T04:23:25.376226Z", "no_price": 85, "no_price_dollars": "0.8500", "price": 0.15, "taker_side": "yes", "ticker": "KXINX-26FEB09H1600-B7012", "trade_id": "ae513723-c7e5-5861-d9a8-06045eeaf282", "yes_price": 15, "yes_price_dollars": "0.1500"}
{"count": 25, "count_fp": "25.00", "created_time": "2026-02-07T04:24:35.144304Z", "no_price": 84, "no_price_dollars": "0.8400", "price": 0.16, "taker_side": "yes", "ticker": "KXINX-26FEB09H1600-B6987", "trade_id": "626c0720-3bdb-5c2e-ef90-e975850619b1", "yes_price": 16, "yes_price_dollars": "0.1600"}
{"count": 5, "count_fp": "5.00", "created_time": "2026-02-07T04:24:35.144304Z", "no_price": 85, "no_price_dollars": "0.8500", "price": 0.15, "taker_side": "yes", "ticker": "KXINX-26FEB09H1600-B6987", "trade_id": "0ee6ce2b-e0af-59ee-de41-70c627f1da1f", "yes_price": 15, "yes_price_dollars": "0.1500"}
{"count": 30, "count_fp": "30.00", "created_time": "2026-02-07T03:45:51.534228Z", "no_price": 84, "no_price_dollars": "0.8400", "price": 0.16, "taker_side": "yes", "ticker": "KXINX-26FEB09H1600-B6987", "trade_id": "37f0fbe3-284b-6bf6-1905-e98a0e611039", "yes_price": 16, "yes_price_dollars": "0.1600"}
{"count": 4, "count_fp": "4.00", "created_time": "2026-02-07T23:43:17.798684Z", "no_price": 76, "no_price_dollars": "0.7600", "price": 0.24, "taker_side": "yes", "ticker": "KXINX-26FEB09H1600-B6962", "trade_id": "ca9d4503-46f2-4c89-0370-15ee41f1d449", "yes_price": 24, "yes_price_dollars": "0.2400"}
{"count": 40, "count_fp": "40.00", "created_time": "2026-02-07T18:20:29.646477Z", "no_price": 75, "no_price_dollars": "0.7500", "price": 0.25, "taker_side": "yes", "ticker": "KXINX-26FEB09H1600-B6962", "trade_id": "85c08165-a03d-7b8b-289a-e7873bfe5253", "yes_price": 25, "yes_price_dollars": "0.2500"}
{"count": 20, "count_fp": "20.00", "created_time": "2026-02-07T18:18:29.592122Z", "no_price": 85, "no_price_dollars": "0.8500", "price": 0.15, "taker_side": "no", "ticker": "KXINX-26FEB09H1600-B6962", "trade_id": "1df2f116-e4a9-4120-26b1-c88a12e953f6", "yes_price": 15, "yes_price_dollars": "0.1500"}
{"count": 20, "count_fp": "20.00", "created_time": "2026-02-07T18:18:28.407156Z", "no_price": 85, "no_price_dollars": "0.8500", "price": 0.15, "taker_side": "no", "ticker": "KXINX-26FEB09H1600-B6962", "trade_id": "533b786a-e899-47d8-5b98-da880ac5ce02", "yes_price": 15, "yes_price_dollars": "0.1500"}
{"count": 5, "count_fp": "5.00", "created_time": "2026-02-07T17:54:17.553105Z", "no_price": 76, "no_price_dollars": "0.7600", "price": 0.24, "taker_side": "yes", "ticker": "KXINX-26FEB09H1600-B6962", "trade_id": "326ef2ef-cc8e-6222-d0e8-df920503aa7e", "yes_price": 24, "yes_price_dollars": "0.2400"}
{"count": 45, "count_fp": "45.00", "created_time": "2026-02-07T17:54:17.553105Z", "no_price": 75, "no_price_dollars": "0.7500", "price": 0.25, "taker_side": "yes", "ticker": "KXINX-26FEB09H1600-B6962", "trade_id": "1c65a94d-0f21-6f8f-d1bc-e5675204a187", "yes_price": 25, "yes_price_dollars": "0.2500"}
{"count": 57, "count_fp": "57.00", "created_time": "2026-02-07T15:47:24.661782Z", "no_price": 83, "no_price_dollars": "0.8300", "price": 0.17, "taker_side": "yes", "ticker": "KXINX-26FEB09H1600-B6962", "trade_id": "9bab8999-8a07-4794-50a7-fa49eb6726c6", "yes_price": 17, "yes_price_dollars": "0.1700"}
{"count": 23, "count_fp": "23.00", "created_time": "2026-02-07T04:25:40.849619Z", "no_price": 83, "no_price_dollars": "0.8300", "price": 0.17, "taker_side": "yes", "ticker": "KXINX-26FEB09H1600-B6962", "trade_id": "b7efa23f-eb23-5bf8-490e-1e8554692806", "yes_price": 17, "yes_price_dollars": "0.1700"}
{"count": 5, "count_fp": "5.00", "created_time": "2026-02-07T04:25:40.849619Z", "no_price": 84, "no_price_dollars": "0.8400", "price": 0.16, "taker_side": "yes", "ticker": "KXINX-26FEB09H1600-B6962", "trade_id": "ae56a958-8c94-5920-453a-61ad43c42497", "yes_price": 16, "yes_price_dollars": "0.1600"}
{"count": 28, "count_fp": "28.00", "created_time": "2026-02-07T03:46:30.189977Z", "no_price": 83, "no_price_dollars": "0.8300", "price": 0.17, "taker_side": "yes", "ticker": "KXINX-26FEB09H1600-B6962", "trade_id": "49e6609c-5f4f-79d0-1332-1bf8be3bc95e", "yes_price": 17, "yes_price_dollars": "0.1700"}
{"count": 15, "count_fp": "15.00", "created_time": "2026-02-07T23:13:49.173766Z", "no_price": 90, "no_price_dollars": "0.9000", "price": 0.1, "taker_side": "no", "ticker": "KXINX-26FEB09H1600-B6937", "trade_id": "e8e99a96-57f8-6bb3-2ba2-55a2246916e2", "yes_price": 10, "yes_price_dollars": "0.1000"}
{"count": 186, "count_fp": "186.00", "created_time": "2026-02-07T23:13:39.148519Z", "no_price": 80, "no_price_dollars": "0.8000", "price": 0.2, "taker_side": "no", "ticker": "KXINX-26FEB09H1600-B6937", "trade_id": "f26d8050-932a-6213-2372-f5d752330151", "yes_price": 20, "yes_price_dollars": "0.2000"}
{"count": 37, "count_fp": "37.00", "created_time": "2026-02-07T23:10:16.231448Z", "no_price": 74, "no_price_dollars": "0.7400", "price": 0.26, "taker_side": "yes", "ticker": "KXINX-26FEB09H1600-B6937", "trade_id": "0774007d-799f-54da-87eb-641ac3c6a8b5", "yes_price": 26, "yes_price_dollars": "0.2600"}
{"count": 3, "count_fp": "3.00", "created_time": "2026-02-07T22:09:49.319084Z", "no_price": 75, "no_price_dollars": "0.7500", "price": 0.25, "taker_side": "yes", "ticker": "KXINX-26FEB09H1600-B6937", "trade_id": "b0e9a11b-a947-5412-3522-520601251715", "yes_price": 25, "yes_price_dollars": "0.2500"}
{"count": 3, "count_fp": "3.00", "created_time": "2026-02-07T21:47:59.233026Z", "no_price": 75, "no_price_dollars": "0.7500", "price": 0.25, "taker_side": "yes", "ticker": "KXINX-26FEB09H1600-B6937", "trade_id": "6bab313e-eebb-5502-17d0-c15c27c06d55", "yes_price": 25, "yes_price_dollars": "0.2500"}
{"count": 3, "count_fp": "3.00", "created_time": "2026-02-07T21:46:05.561999Z", "no_price": 80, "no_price_dollars": "0.8000", "price": 0.2, "taker_side": "no", "ticker": "KXINX-26FEB09H1600-B6937", "trade_id": "be1f3c2b-a18e-4bdb-3b3a-224c51d23c91", "yes_price": 20, "yes_price_dollars": "0.2000"}
{"count": 3, "count_fp": "3.00", "created_time": "2026-02-07T18:36:07.138905Z", "no_price": 80, "no_price_dollars": "0.8000", "price": 0.2, "taker_side": "no", "ticker": "KXINX-26FEB09H1600-B6937", "trade_id": "9e37c345-2726-6927-d82a-cff7ddc93869", "yes_price": 20, "yes_price_dollars": "0.2000"}
{"count": 77, "count_fp": "77.00", "created_time": "2026-02-07T18:19:16.058737Z", "no_price": 75, "no_price_dollars": "0.7500", "price": 0.25, "taker_side": "yes", "ticker": "KXINX-26FEB09H1600-B6937", "trade_id": "978ee9a5-a8f3-783e-4ba9-d6c041256149", "yes_price": 25, "yes_price_dollars": "0.2500"}
{"count": 19, "count_fp": "19.00", "created_time": "2026-02-07T17:38:16.92331Z", "no_price": 75, "no_price_dollars": "0.7500", "price": 0.25, "taker_side": "yes", "ticker": "KXINX-26FEB09H1600-B6937", "trade_id": "0e75349b-500b-5372-0fc3-c48d1b9f7e89", "yes_price": 25, "yes_price_dollars": "0.2500"}
{"count": 3, "count_fp": "3.00", "created_time": "2026-02-07T17:33:30.683242Z", "no_price": 75, "no_price_dollars": "0.7500", "price": 0.25, "taker_side": "yes", "ticker": "KXINX-26FEB09H1600-B6937", "trade_id": "51c55e38-f973-4f1e-0bf6-97a4a4c34c65", "yes_price": 25, "yes_price_dollars": "0.2500"}
{"count": 200, "count_fp": "200.00", "created_time": "2026-02-07T15:47:18.282541Z", "no_price": 80, "no_price_dollars": "0.8000", "price": 0.2, "taker_side": "yes", "ticker": "KXINX-26FEB09H1600-B6937", "trade_id": "c1ac4576-5983-68af-89c5-2dbfa93745af", "yes_price": 20, "yes_price_dollars": "0.2000"}
{"count": 108, "count_fp": "108.00", "created_time": "2026-02-07T15:47:18.282541Z", "no_price": 80, "no_price_dollars": "0.8000", "price": 0.2, "taker_side": "yes", "ticker": "KXINX-26FEB09H1600-B6937", "trade_id": "bc900b2b-1ee5-68af-9dd2-37f20cb6267b", "yes_price": 20, "yes_price_dollars": "0.2000"}
{"count": 8, "count_fp": "8.00", "created_time": "2026-02-07T14:55:04.856718Z", "no_price": 81, "no_price_dollars": "0.8100", "price": 0.19, "taker_side": "no", "ticker": "KXINX-26FEB09H1600-B6937", "trade_id": "3e956de9-36b2-6483-bcea-c8183ee0dab5", "yes_price": 19, "yes_price_dollars": "0.1900"}
{"count": 102, "count_fp": "102.00", "created_time": "2026-02-07T06:40:49.408513Z", "no_price": 81, "no_price_dollars": "0.8100", "price": 0.19, "taker_side": "yes", "ticker": "KXINX-26FEB09H1600-B6937", "trade_id": "8e791397-274b-6656-0d7e-5f8eca9b38bd", "yes_price": 19, "yes_price_dollars": "0.1900"}
{"count": 51, "count_fp": "51.00", "created_time": "2026-02-07T05:59:57.607145Z", "no_price": 81, "no_price_dollars": "0.8100", "price": 0.19, "taker_side": "yes", "ticker": "KXINX-26FEB09H1600-B6937", "trade_id": "cbb32fa6-91df-400a-092b-6d011ea64c61", "yes_price": 19, "yes_price_dollars": "0.1900"}
{"count": 25, "count_fp": "25.00", "created_time": "2026-02-07T04:26:37.445158Z", "no_price": 81, "no_price_dollars": "0.8100", "price": 0.19, "taker_side": "yes", "ticker": "KXINX-26FEB09H1600-B6937", "trade_id": "3c95f0bf-c057-4a8e-197d-9f5ee1c2e30d", "yes_price": 19, "yes_price_dollars": "0.1900"}
{"count": 88, "count_fp": "88.00", "created_time": "2026-02-07T23:58:22.104008Z", "no_price": 81, "no_price_dollars": "0.8100", "price": 0.19, "taker_side": "yes", "ticker": "KXINX-26FEB09H1600-B6912", "trade_id": "d2494d68-3d6f-6306-6a50-2c8e83d10aa7", "yes_price": 19, "yes_price_dollars": "0.1900"}
{"count": 15, "count_fp": "15.00", "created_time": "2026-02-07T23:58:22.104008Z", "no_price": 82, "no_price_dollars": "0.8200", "price": 0.18, "taker_side": "yes", "ticker": "KXINX-26FEB09H1600-B6912", "trade_id": "8e4ddce6-56a7-68ea-5f4c-2494cacfc39a", "yes_price": 18, "yes_price_dollars": "0.1800"}
{"count": 200, "count_fp": "200.00", "created_time": "2026-02-07T15:45:47.942737Z", "no_price": 81, "no_price_dollars": "0.8100", "price": 0.19, "taker_side": "yes", "ticker": "KXINX-26FEB09H1600-B6912", "trade_id": "e2237d63-9bac-7d65-8f3e-e7028e40d08c", "yes_price": 19, "yes_price_dollars": "0.1900"}
{"count": 24, "count_fp": "24.00", "created_time": "2026-02-07T15:45:47.942737Z", "no_price": 81, "no_price_dollars": "0.8100", "price": 0.19, "taker_side": "yes", "ticker": "KXINX-26FEB09H1600-B6912", "trade_id": "1b4fdaff-6a8d-77a7-a05f-cb10f739bb28", "yes_price": 19, "yes_price_dollars": "0.1900"}
{"count": 51, "count_fp": "51.00", "created_time": "2026-02-07T14:25:41.035787Z", "no_price": 81, "no_price_dollars": "0.8100", "price": 0.19, "taker_side": "yes", "ticker": "KXINX-26FEB09H1600-B6912", "trade_id": "288eac53-ee51-45db-5fee-b286089bf470", "yes_price": 19, "yes_price_dollars": "0.1900"}
{"count": 25, "count_fp": "25.00", "created_time": "2026-02-07T04:27:30.580503Z", "no_price": 81, "no_price_dollars": "0.8100", "price": 0.19, "taker_side": "yes", "ticker": "KXINX-26FEB09H1600-B6912", "trade_id": "4a0e522a-c695-6a1f-42ef-aef1aca9343c", "yes_price": 19, "yes_price_dollars": "0.1900"}
{"count": 38, "count_fp": "38.00", "created_time": "2026-02-07T14:25:13.366295Z", "no_price": 75, "no_price_dollars": "0.7500", "price": 0.25, "taker_side": "yes", "ticker": "KXINX-26FEB09H1600-B6887", "trade_id": "5c2505a6-13fc-6bfd-71b6-8f489f516bd0", "yes_price": 25, "yes_price_dollars": "0.2500"}
{"count": 46, "count_fp": "46.00", "created_time": "2026-02-07T22:02:50.540762Z", "no_price": 79, "no_price_dollars": "0.7900", "price": 0.21, "taker_side": "yes", "ticker": "KXINX-26FEB09H1600-B6862", "trade_id": "2cc3f981-5167-5779-1829-9eb44f58cd1f", "yes_price": 21, "yes_price_dollars": "0.2100"}
{"count": 20, "count_fp": "20.00", "created_time": "2026-02-07T22:09:45.528189Z", "no_price": 97, "no_price_dollars": "0.9700", "price": 0.03, "taker_side": "yes", "ticker": "KXINX-26FEB09H1600-B6437", "trade_id": "5abf2509-6560-7939-916a-298ba7b653fd", "yes_price": 3, "yes_price_dollars": "0.0300"}
{"count": 64, "count_fp": "64.00", "created_time": "2026-02-07T21:16:27.520866Z", "no_price": 97, "no_price_dollars": "0.9700", "price": 0.03, "taker_side": "yes", "ticker": "KXINX-26FEB09H1600-B6437", "trade_id": "52599c52-3018-40e9-2181-47f74bb0b235", "yes_price": 3, "yes_price_dollars": "0.0300"}
{"count": 95, "count_fp": "95.00", "created_time": "2026-02-07T15:44:59.307492Z", "no_price": 85, "no_price_dollars": "0.8500", "price": 0.15, "taker_side": "yes", "ticker": "KXINX-26FEB09H1600-B6437", "trade_id": "e7ec8d6e-fe7c-7f43-a540-23911466dad1", "yes_price": 15, "yes_price_dollars": "0.1500"}
{"count": 12, "count_fp": "12.00", "created_time": "2026-02-07T15:44:59.307492Z", "no_price": 63, "no_price_dollars": "0.6300", "price": 0.37, "taker_side": "yes", "ticker": "KXINX-26FEB09H1600-B6437", "trade_id": "e6e64279-e4f6-7ec1-9499-0bfa8c040c47", "yes_price": 37, "yes_price_dollars": "0.3700"}
{"count": 108, "count_fp": "108.00", "created_time": "2026-02-07T15:44:59.307492Z", "no_price": 84, "no_price_dollars": "0.8400", "price": 0.16, "taker_side": "yes", "ticker": "KXINX-26FEB09H1600-B6437", "trade_id": "dd5945cd-9490-7a91-8285-d22388f94599", "yes_price": 16, "yes_price_dollars": "0.1600"}
{"count": 12, "count_fp": "12.00", "created_time": "2026-02-07T15:44:59.307492Z", "no_price": 47, "no_price_dollars": "0.4700", "price": 0.53, "taker_side": "yes", "ticker": "KXINX-26FEB09H1600-B6437", "trade_id": "da1d5f96-2d2e-7a7f-8f86-00e74768e1b8", "yes_price": 53, "yes_price_dollars": "0.5300"}
{"count": 12, "count_fp": "12.00", "created_time": "2026-02-07T15:44:59.307492Z", "no_price": 69, "no_price_dollars": "0.6900", "price": 0.31, "taker_side": "yes", "ticker": "KXINX-26FEB09H1600-B6437", "trade_id": "b9993192-97ad-7b2c-bb4e-2eb0ce7ba854", "yes_price": 31, "yes_price_dollars": "0.3100"}
{"count": 1501, "count_fp": "1501.00", "created_time": "2026-02-07T15:44:59.307492Z", "no_price": 99, "no_price_dollars": "0.9900", "price": 0.01, "taker_side": "yes", "ticker": "KXINX-26FEB09H1600-B6437", "trade_id": "5cc8119e-8cc5-7602-9536-01c022dd1102", "yes_price": 1, "yes_price_dollars": "0.0100"}
{"count": 20, "count_fp": "20.00", "created_time": "2026-02-07T15:44:59.307492Z", "no_price": 12, "no_price_dollars": "0.1200", "price": 0.88, "taker_side": "yes", "ticker": "KXINX-26FEB09H1600-B6437", "trade_id": "4d0bac05-0c1a-7262-aae3-5b9c6c733043", "yes_price": 88, "yes_price_dollars": "0.8800"}
{"count": 12, "count_fp": "12.00", "created_time": "2026-02-07T15:44:59.307492Z", "no_price": 19, "no_price_dollars": "0.1900", "price": 0.81, "taker_side": "yes", "ticker": "KXINX-26FEB09H1600-B6437", "trade_id": "3f8ff8f0-b9a2-7bf0-8a9f-47d86480bb80", "yes_price": 81, "yes_price_dollars": "0.8100"}
{"count": 10, "count_fp": "10.00", "created_time": "2026-02-07T15:44:59.307492Z", "no_price": 60, "no_price_dollars": "0.6000", "price": 0.4, "taker_side": "yes", "ticker": "KXINX-26FEB09H1600-B6437", "trade_id": "0c100f14-f0db-7f47-a6ae-323fb697d56a", "yes_price": 40, "yes_price_dollars": "0.4000"}
{"count": 12, "count_fp": "12.00", "created_time": "2026-02-07T15:44:59.307492Z", "no_price": 55, "no_price_dollars": "0.5500", "price": 0.45, "taker_side": "yes", "ticker": "KXINX-26FEB09H1600-B6437", "trade_id": "01d8f78f-b39f-7889-aa89-579e98c2f89e", "yes_price": 45, "yes_price_dollars": "0.4500"}
{"count": 16, "count_fp": "16.00", "created_time": "2026-02-07T00:47:54.318343Z", "no_price": 82, "no_price_dollars": "0.8200", "price": 0.18, "taker_side": "no", "ticker": "KXINXU-26FEB09H1600-T7399.9999", "trade_id": "af3b8ae9-0ddf-6825-a813-f46a75709690", "yes_price": 18, "yes_price_dollars": "0.1800"}
{"count": 400, "count_fp": "400.00", "created_time": "2026-02-07T00:46:11.861014Z", "no_price": 82, "no_price_dollars": "0.8200", "price": 0.18, "taker_side": "yes", "ticker": "KXINXU-26FEB09H1600-T7399.9999", "trade_id": "a94b175d-0a7d-5134-659f-4ce0903b8aef", "yes_price": 18, "yes_price_dollars": "0.1800"}
{"count": 1, "count_fp": "1.00", "created_time": "2026-02-07T07:07:27.889502Z", "no_price": 82, "no_price_dollars": "0.8200", "price": 0.18, "taker_side": "yes", "ticker": "KXINXU-26FEB09H1600-T7274.9999", "trade_id": "ec6d4590-0921-7139-bcd3-53355a0e8330", "yes_price": 18, "yes_price_dollars": "0.1800"}
{"count": 28, "count_fp": "28.00", "created_time": "2026-02-07T15:40:06.843096Z", "no_price": 70, "no_price_dollars": "0.7000", "price": 0.3, "taker_side": "yes", "ticker": "KXINXU-26FEB09H1600-T6949.9999", "trade_id": "32d33c3f-0c3c-4f3f-1a31-298c04afb647", "yes_price": 30, "yes_price_dollars": "0.3000"}
{"count": 10, "count_fp": "10.00", "created_time": "2026-02-07T15:32:25.463078Z", "no_price": 69, "no_price_dollars": "0.6900", "price": 0.31, "taker_side": "no", "ticker": "KXINXU-26FEB09H1600-T6949.9999", "trade_id": "aacbdb1f-d4e9-6003-4609-1f14067c6022", "yes_price": 31, "yes_price_dollars": "0.3100"}
{"count": 10, "count_fp": "10.00", "created_time": "2026-02-07T03:06:10.068871Z", "no_price": 70, "no_price_dollars": "0.7000", "price": 0.3, "taker_side": "no", "ticker": "KXINXU-26FEB09H1600-T6949.9999", "trade_id": "fc477ce3-96b0-562d-259c-76de79535291", "yes_price": 30, "yes_price_dollars": "0.3000"}
{"count": 5, "count_fp": "5.00", "created_time": "2026-02-07T03:06:01.152736Z", "no_price": 69, "no_price_dollars": "0.6900", "price": 0.31, "taker_side": "no", "ticker": "KXINXU-26FEB09H1600-T6949.9999", "trade_id": "95927783-0d73-7ab9-c852-255977711a8d", "yes_price": 31, "yes_price_dollars": "0.3100"}
{"count": 7, "count_fp": "7.00", "created_time": "2026-02-07T02:28:09.287028Z", "no_price": 70, "no_price_dollars": "0.7000", "price": 0.3, "taker_side": "no", "ticker": "KXINXU-26FEB09H1600-T6949.9999", "trade_id": "a4238c21-fc64-5b4d-9155-cd4ac382be95", "yes_price": 30, "yes_price_dollars": "0.3000"}
{"count": 14, "count_fp": "14.00", "created_time": "2026-02-07T02:14:22.613286Z", "no_price": 70, "no_price_dollars": "0.7000", "price": 0.3, "taker_side": "no", "ticker": "KXINXU-26FEB09H1600-T6949.9999", "trade_id": "826f381b-cd68-78cd-b2ae-abc51d4854c5", "yes_price": 30, "yes_price_dollars": "0.3000"}
{"count": 7, "count_fp": "7.00", "created_time": "2026-02-07T00:33:42.077697Z", "no_price": 70, "no_price_dollars": "0.7000", "price": 0.3, "taker_side": "no", "ticker": "KXINXU-26FEB09H1600-T6949.9999", "trade_id": "cbd45c9a-84e8-42c9-4600-1a6c81e82fd1", "yes_price": 30, "yes_price_dollars": "0.3000"}
{"count": 2, "count_fp": "2.00", "created_time": "2026-02-07T23:21:40.419093Z", "no_price": 20, "no_price_dollars": "0.2000", "price": 0.8, "taker_side": "yes", "ticker": "KXINXU-26FEB09H1600-T6924.9999", "trade_id": "48509093-3494-4d79-878a-dc1c293b837f", "yes_price": 80, "yes_price_dollars": "0.8000"}
{"count": 2, "count_fp": "2.00", "created_time": "2026-02-07T22:06:04.998032Z", "no_price": 77, "no_price_dollars": "0.7700", "price": 0.23, "taker_side": "no", "ticker": "KXINXU-26FEB09H1600-T6924.9999", "trade_id": "e1bdfcc9-3c63-53df-44b1-6ba014cda185", "yes_price": 23, "yes_price_dollars": "0.2300"}
{"count": 1, "count_fp": "1.00", "created_time": "2026-02-07T20:03:45.971988Z", "no_price": 75, "no_price_dollars": "0.7500", "price": 0.25, "taker_side": "no", "ticker": "KXINXU-26FEB09H1600-T6924.9999", "trade_id": "9ca8f2cf-ddb3-5670-7bbe-a9538e2f14d3", "yes_price": 25, "yes_price_dollars": "0.2500"}
{"count": 2, "count_fp": "2.00", "created_time": "2026-02-07T19:36:38.366294Z", "no_price": 30, "no_price_dollars": "0.3000", "price": 0.7, "taker_side": "yes", "ticker": "KXINXU-26FEB09H1600-T6924.9999", "trade_id": "fecb4fa6-21bc-492d-1128-e2ff332b4f27", "yes_price": 70, "yes_price_dollars": "0.7000"}
{"count": 2, "count_fp": "2.00", "created_time": "2026-02-07T19:36:38.366294Z", "no_price": 31, "no_price_dollars": "0.3100", "price": 0.69, "taker_side": "yes", "ticker": "KXINXU-26FEB09H1600-T6924.9999", "trade_id": "bacc3282-c116-4066-3a25-ba0d4cd87860", "yes_price": 69, "yes_price_dollars": "0.6900"}
{"count": 28, "count_fp": "28.00", "created_time": "2026-02-07T18:01:27.781086Z", "no_price": 31, "no_price_dollars": "0.3100", "price": 0.69, "taker_side": "yes", "ticker": "KXINXU-26FEB09H1600-T6924.9999", "trade_id": "caba583c-3bc2-4f24-38aa-bad3510b180b", "yes_price": 69, "yes_price_dollars": "0.6900"}
{"count": 4, "count_fp": "4.00", "created_time": "2026-02-07T17:39:45.040896Z", "no_price": 31, "no_price_dollars": "0.3100", "price": 0.69, "taker_side": "yes", "ticker": "KXINXU-26FEB09H1600-T6924.9999", "trade_id": "a7e4fc7b-1e0a-6194-feb8-94c8d9005d3f", "yes_price": 69, "yes_price_dollars": "0.6900"}
{"count": 9, "count_fp": "9.00", "created_time": "2026-02-07T14:53:32.062891Z", "no_price": 20, "no_price_dollars": "0.2000", "price": 0.8, "taker_side": "yes", "ticker": "KXINXU-26FEB09H1600-T6924.9999", "trade_id": "95010bac-48ef-763b-86ea-8d212206cf7b", "yes_price": 80, "yes_price_dollars": "0.8000"}
{"count": 7, "count_fp": "7.00", "created_time": "2026-02-07T10:31:41.05275Z", "no_price": 20, "no_price_dollars": "0.2000", "price": 0.8, "taker_side": "yes", "ticker": "KXINXU-26FEB09H1600-T6924.9999", "trade_id": "f6d2b5db-9a31-6210-3834-53c7053faa75", "yes_price": 80, "yes_price_dollars": "0.8000"}
{"count": 1, "count_fp": "1.00", "created_time": "2026-02-07T08:11:37.644917Z", "no_price": 19, "no_price_dollars": "0.1900", "price": 0.81, "taker_side": "yes", "ticker": "KXINXU-26FEB09H1600-T6924.9999", "trade_id": "a9f2c927-e8f9-5cd4-0582-4df96bb1546c", "yes_price": 81, "yes_price_dollars": "0.8100"}
{"count": 1, "count_fp": "1.00", "created_time": "2026-02-07T05:14:54.044726Z", "no_price": 17, "no_price_dollars": "0.1700", "price": 0.83, "taker_side": "yes", "ticker": "KXINXU-26FEB09H1600-T6924.9999", "trade_id": "947e1524-d080-6228-7d8c-4c5baf50a55d", "yes_price": 83, "yes_price_dollars": "0.8300"}
{"count": 1, "count_fp": "1.00", "created_time": "2026-02-07T05:02:47.601727Z", "no_price": 15, "no_price_dollars": "0.1500", "price": 0.85, "taker_side": "yes", "ticker": "KXINXU-26FEB09H1600-T6924.9999", "trade_id": "1c0e930f-5be1-7383-7f2a-40ad084958d5", "yes_price": 85, "yes_price_dollars": "0.8500"}
{"count": 1, "count_fp": "1.00", "created_time": "2026-02-07T06:54:47.937429Z", "no_price": 93, "no_price_dollars": "0.9300", "price": 0.07, "taker_side": "no", "ticker": "KXINXU-26FEB09H1600-T6899.9999", "trade_id": "246da69f-e90c-7b48-0fdf-da52834ca8de", "yes_price": 7, "yes_price_dollars": "0.0700"}
{"count": 10, "count_fp": "10.00", "created_time": "2026-02-07T18:16:31.427423Z", "no_price": 3, "no_price_dollars": "0.0300", "price": 0.97, "taker_side": "yes", "ticker": "KXINXU-26FEB09H1600-T6849.9999", "trade_id": "e3514bfe-332c-52b7-a025-1231aa7edd85", "yes_price": 97, "yes_price_dollars": "0.9700"}
{"count": 1, "count_fp": "1.00", "created_time": "2026-02-07T05:02:50.988468Z", "no_price": 92, "no_price_dollars": "0.9200", "price": 0.08, "taker_side": "no", "ticker": "KXINXU-26FEB09H1600-T6824.9999", "trade_id": "28dee1ab-bb42-46c7-c803-e4d6a88333bd", "yes_price": 8, "yes_price_dollars": "0.0800"}
{"count": 2, "count_fp": "2.00", "created_time": "2026-02-07T21:08:01.618768Z", "no_price": 13, "no_price_dollars": "0.1300", "price": 0.87, "taker_side": "no", "ticker": "KXINXU-26FEB09H1600-T6024.9999", "trade_id": "f9535710-a489-6949-8e79-b77183534cad", "yes_price": 87, "yes_price_dollars": "0.8700"}
{"count": 14, "count_fp": "14.00", "created_time": "2026-02-07T23:15:24.679675Z", "no_price": 34, "no_price_dollars": "0.3400", "price": 0.66, "taker_side": "yes", "ticker": "KXINXPOS-26DEC31H1900-T6845.5", "trade_id": "cf984ee4-86bd-7c20-9c34-2967412dc4a5", "yes_price": 66, "yes_price_dollars": "0.6600"}
{"count": 2, "count_fp": "2.00", "created_time": "2026-02-07T22:46:10.335909Z", "no_price": 34, "no_price_dollars": "0.3400", "price": 0.66, "taker_side": "yes", "ticker": "KXINXPOS-26DEC31H1900-T6845.5", "trade_id": "cf855c92-c309-6600-d05e-f425400ba56d", "yes_price": 66, "yes_price_dollars": "0.6600"}
{"count": 26, "count_fp": "26.00", "created_time": "2026-02-07T20:12:33.753245Z", "no_price": 36, "no_price_dollars": "0.3600", "price": 0.64, "taker_side": "no", "ticker": "KXINXPOS-26DEC31H1900-T6845.5", "trade_id": "e36ba855-d28c-4133-07b9-6592e4c6c819", "yes_price": 64, "yes_price_dollars": "0.6400"}
{"count": 5, "count_fp": "5.00", "created_time": "2026-02-07T20:12:33.753245Z", "no_price": 36, "no_price_dollars": "0.3600", "price": 0.64, "taker_side": "no", "ticker": "KXINXPOS-26DEC31H1900-T6845.5", "trade_id": "918a4ee8-1766-4c95-2003-c95e231b2c43", "yes_price": 64, "yes_price_dollars": "0.6400"}
{"count": 35, "count_fp": "35.00", "created_time": "2026-02-07T20:12:33.753245Z", "no_price": 36, "no_price_dollars": "0.3600", "price": 0.64, "taker_side": "no", "ticker": "KXINXPOS-26DEC31H1900-T6845.5", "trade_id": "8a4e127e-8f47-44a8-3292-9c9b9586ae6e", "yes_price": 64, "yes_price_dollars": "0.6400"}
{"count": 76, "count_fp": "76.00", "created_time": "2026-02-07T20:12:33.753245Z", "no_price": 36, "no_price_dollars": "0.3600", "price": 0.64, "taker_side": "no", "ticker": "KXINXPOS-26DEC31H1900-T6845.5", "trade_id": "45fdfedd-9a13-40d5-08c4-eca869f10d80", "yes_price": 64, "yes_price_dollars": "0.6400"}
{"count": 96, "count_fp": "96.00", "created_time": "2026-02-07T20:12:33.753245Z", "no_price": 36, "no_price_dollars": "0.3600", "price": 0.64, "taker_side": "no", "ticker": "KXINXPOS-26DEC31H1900-T6845.5", "trade_id": "413afa01-a519-4a5f-3d77-0b18d2d00f8b", "yes_price": 64, "yes_price_dollars": "0.6400"}
{"count": 3, "count_fp": "3.00", "created_time": "2026-02-07T20:12:33.753245Z", "no_price": 36, "no_price_dollars": "0.3600", "price": 0.64, "taker_side": "no", "ticker": "KXINXPOS-26DEC31H1900-T6845.5", "trade_id": "30eca085-c201-4f9e-02a3-5f9e3dd112fe", "yes_price": 64, "yes_price_dollars": "0.6400"}
{"count": 30, "count_fp": "30.00", "created_time": "2026-02-07T20:12:33.753245Z", "no_price": 36, "no_price_dollars": "0.3600", "price": 0.64, "taker_side": "no", "ticker": "KXINXPOS-26DEC31H1900-T6845.5", "trade_id": "28f97504-2969-4b8d-07de-cafe2f02098f", "yes_price": 64, "yes_price_dollars": "0.6400"}
{"count": 4, "count_fp": "4.00", "created_time": "2026-02-07T17:18:58.22367Z", "no_price": 34, "no_price_dollars": "0.3400", "price": 0.66, "taker_side": "yes", "ticker": "KXINXPOS-26DEC31H1900-T6845.5", "trade_id": "d28d6045-2881-6268-9b05-247830c33b19", "yes_price": 66, "yes_price_dollars": "0.6600"}
{"count": 3, "count_fp": "3.00", "created_time": "2026-02-07T17:15:31.746666Z", "no_price": 34, "no_price_dollars": "0.3400", "price": 0.66, "taker_side": "yes", "ticker": "KXINXPOS-26DEC31H1900-T6845.5", "trade_id": "e4767305-f011-7b54-972f-7b0ef2e82f15", "yes_price": 66, "yes_price_dollars": "0.6600"}
{"count": 16, "count_fp": "16.00", "created_time": "2026-02-07T17:15:31.746666Z", "no_price": 34, "no_price_dollars": "0.3400", "price": 0.66, "taker_side": "yes", "ticker": "KXINXPOS-26DEC31H1900-T6845.5", "trade_id": "b3903c23-71a0-75fc-b7fa-16a553fcd17d", "yes_price": 66, "yes_price_dollars": "0.6600"}
{"count": 16, "count_fp": "16.00", "created_time": "2026-02-07T17:15:31.746666Z", "no_price": 34, "no_price_dollars": "0.3400", "price": 0.66, "taker_side": "yes", "ticker": "KXINXPOS-26DEC31H1900-T6845.5", "trade_id": "3c5463d0-72b1-7d85-91fa-433ac5891e25", "yes_price": 66, "yes_price_dollars": "0.6600"}
{"count": 1, "count_fp": "1.00", "created_time": "2026-02-07T17:15:31.746666Z", "no_price": 34, "no_price_dollars": "0.3400", "price": 0.66, "taker_side": "yes", "ticker": "KXINXPOS-26DEC31H1900-T6845.5", "trade_id": "0614aec2-707a-7746-b246-8d30b831de89", "yes_price": 66, "yes_price_dollars": "0.6600"}
{"count": 6, "count_fp": "6.00", "created_time": "2026-02-07T17:14:24.178367Z", "no_price": 36, "no_price_dollars": "0.3600", "price": 0.64, "taker_side": "no", "ticker": "KXINXPOS-26DEC31H1900-T6845.5", "trade_id": "b32d0d1e-0bc9-7e0e-31e9-ecdc8d49b26e", "yes_price": 64, "yes_price_dollars": "0.6400"}
{"count": 67, "count_fp": "67.00", "created_time": "2026-02-07T17:14:24.178367Z", "no_price": 36, "no_price_dollars": "0.3600", "price": 0.64, "taker_side": "no", "ticker": "KXINXPOS-26DEC31H1900-T6845.5", "trade_id": "6ad14635-a549-7014-3418-ec85210d1653", "yes_price": 64, "yes_price_dollars": "0.6400"}
{"count": 1, "count_fp": "1.00", "created_time": "2026-02-07T17:14:24.178367Z", "no_price": 36, "no_price_dollars": "0.3600", "price": 0.64, "taker_side": "no", "ticker": "KXINXPOS-26DEC31H1900-T6845.5", "trade_id": "09dafcc7-e717-7f1e-1749-8c4b9e43b655", "yes_price": 64, "yes_price_dollars": "0.6400"}
{"count": 38, "count_fp": "38.00", "created_time": "2026-02-07T16:28:27.41723Z", "no_price": 36, "no_price_dollars": "0.3600", "price": 0.64, "taker_side": "no", "ticker": "KXINXPOS-26DEC31H1900-T6845.5", "trade_id": "ba520ded-4c61-5738-201d-49c897fb72f3", "yes_price": 64, "yes_price_dollars": "0.6400"}
{"count": 14, "count_fp": "14.00", "created_time": "2026-02-07T16:28:27.41723Z", "no_price": 36, "no_price_dollars": "0.3600", "price": 0.64, "taker_side": "no", "ticker": "KXINXPOS-26DEC31H1900-T6845.5", "trade_id": "26f4eb7d-702b-526e-369f-2724e46e95f5", "yes_price": 64, "yes_price_dollars": "0.6400"}
{"count": 1, "count_fp": "1.00", "created_time": "2026-02-07T16:06:48.230732Z", "no_price": 34, "no_price_dollars": "0.3400", "price": 0.66, "taker_side": "yes", "ticker": "KXINXPOS-26DEC31H1900-T6845.5", "trade_id": "9e08bf27-b645-5705-8656-e008861a17e5", "yes_price": 66, "yes_price_dollars": "0.6600"}
{"count": 5, "count_fp": "5.00", "created_time": "2026-02-07T13:51:33.282864Z", "no_price": 34, "no_price_dollars": "0.3400", "price": 0.66, "taker_side": "yes", "ticker": "KXINXPOS-26DEC31H1900-T6845.5", "trade_id": "c8e90834-8cd1-7cf1-193b-2f91c1474731", "yes_price": 66, "yes_price_dollars": "0.6600"}
{"count": 27, "count_fp": "27.00", "created_time": "2026-02-07T08:40:15.414883Z", "no_price": 36, "no_price_dollars": "0.3600", "price": 0.64, "taker_side": "no", "ticker": "KXINXPOS-26DEC31H1900-T6845.5", "trade_id": "9b298157-2223-7386-6e92-1f1d9147e3b5", "yes_price": 64, "yes_price_dollars": "0.6400"}
{"count": 29, "count_fp": "29.00", "created_time": "2026-02-07T05:59:03.274179Z", "no_price": 33, "no_price_dollars": "0.3300", "price": 0.67, "taker_side": "yes", "ticker": "KXINXPOS-26DEC31H1900-T6845.5", "trade_id": "c597a853-1462-483a-e02c-0089e46af68e", "yes_price": 67, "yes_price_dollars": "0.6700"}
{"count": 5, "count_fp": "5.00", "created_time": "2026-02-07T05:38:34.668177Z", "no_price": 33, "no_price_dollars": "0.3300", "price": 0.67, "taker_side": "yes", "ticker": "KXINXPOS-26DEC31H1900-T6845.5", "trade_id": "1410b926-7142-765e-a6cf-fcd4f3c731e2", "yes_price": 67, "yes_price_dollars": "0.6700"}
{"count": 134, "count_fp": "134.00", "created_time": "2026-02-07T05:06:02.635597Z", "no_price": 33, "no_price_dollars": "0.3300", "price": 0.67, "taker_side": "yes", "ticker": "KXINXPOS-26DEC31H1900-T6845.5", "trade_id": "dc1d73d9-bfba-782a-51d1-a63436c05aba", "yes_price": 67, "yes_price_dollars": "0.6700"}
{"count": 96, "count_fp": "96.00", "created_time": "2026-02-07T05:04:11.549033Z", "no_price": 34, "no_price_dollars": "0.3400", "price": 0.66, "taker_side": "yes", "ticker": "KXINXPOS-26DEC31H1900-T6845.5", "trade_id": "ebaf7c35-dfe7-4e03-7269-5e98c7cebb1f", "yes_price": 66, "yes_price_dollars": "0.6600"}
{"count": 26, "count_fp": "26.00", "created_time": "2026-02-07T05:04:11.549033Z", "no_price": 34, "no_price_dollars": "0.3400", "price": 0.66, "taker_side": "yes", "ticker": "KXINXPOS-26DEC31H1900-T6845.5", "trade_id": "cd43303a-622e-45c9-44f5-50b0477c6917", "yes_price": 66, "yes_price_dollars": "0.6600"}
{"count": 1, "count_fp": "1.00", "created_time": "2026-02-07T05:04:11.549033Z", "no_price": 34, "no_price_dollars": "0.3400", "price": 0.66, "taker_side": "yes", "ticker": "KXINXPOS-26DEC31H1900-T6845.5", "trade_id": "9ce56cab-b1f5-4e53-4210-bf4933c8719e", "yes_price": 66, "yes_price_dollars": "0.6600"}
{"count": 41, "count_fp": "41.00", "created_time": "2026-02-07T05:04:11.549033Z", "no_price": 34, "no_price_dollars": "0.3400", "price": 0.66, "taker_side": "yes", "ticker": "KXINXPOS-26DEC31H1900-T6845.5", "trade_id": "8533c6fa-2987-48f6-5b8d-959807bc25d2", "yes_price": 66, "yes_price_dollars": "0.6600"}
{"count": 8, "count_fp": "8.00", "created_time": "2026-02-07T05:04:11.549033Z", "no_price": 34, "no_price_dollars": "0.3400", "price": 0.66, "taker_side": "yes", "ticker": "KXINXPOS-26DEC31H1900-T6845.5", "trade_id": "354399d9-eaac-4a2f-50fa-f75e68a18a4c", "yes_price": 66, "yes_price_dollars": "0.6600"}
{"count": 10, "count_fp": "10.00", "created_time": "2026-02-07T04:09:51.833231Z", "no_price": 34, "no_price_dollars": "0.3400", "price": 0.66, "taker_side": "yes", "ticker": "KXINXPOS-26DEC31H1900-T6845.5", "trade_id": "652e93a9-f0eb-5402-92cf-2b704972c3de", "yes_price": 66, "yes_price_dollars": "0.6600"}
{"count": 1, "count_fp": "1.00", "created_time": "2026-02-07T04:00:49.606273Z", "no_price": 36, "no_price_dollars": "0.3600", "price": 0.64, "taker_side": "no", "ticker": "KXINXPOS-26DEC31H1900-T6845.5", "trade_id": "5ab08209-4bea-53e7-0948-48ae0d0028b1", "yes_price": 64, "yes_price_dollars": "0.6400"}
{"count": 4, "count_fp": "4.00", "created_time": "2026-02-07T03:39:39.595102Z", "no_price": 34, "no_price_dollars": "0.3400", "price": 0.66, "taker_side": "yes", "ticker": "KXINXPOS-26DEC31H1900-T6845.5", "trade_id": "e9fd36bb-15ef-497a-f266-7b351b4a0fa6", "yes_price": 66, "yes_price_dollars": "0.6600"}
{"count": 10, "count_fp": "10.00", "created_time": "2026-02-07T03:38:58.096052Z", "no_price": 34, "no_price_dollars": "0.3400", "price": 0.66, "taker_side": "yes", "ticker": "KXINXPOS-26DEC31H1900-T6845.5", "trade_id": "c793f22a-3e83-7da7-766f-7d6642d2c9b0", "yes_price": 66, "yes_price_dollars": "0.6600"}
{"count": 5, "count_fp": "5.00", "created_time": "2026-02-07T03:38:58.096052Z", "no_price": 34, "no_price_dollars": "0.3400", "price": 0.66, "taker_side": "yes", "ticker": "KXINXPOS-26DEC31H1900-T6845.5", "trade_id": "a845626d-8ebf-73f2-6929-fc012acf83a2", "yes_price": 66, "yes_price_dollars": "0.6600"}
{"count": 134, "count_fp": "134.00", "created_time": "2026-02-07T03:38:58.096052Z", "no_price": 34, "no_price_dollars": "0.3400", "price": 0.66, "taker_side": "yes", "ticker": "KXINXPOS-26DEC31H1900-T6845.5", "trade_id": "51ab9bcf-43a2-7b28-7262-884cf35d4863", "yes_price": 66, "yes_price_dollars": "0.6600"}
{"count": 1, "count_fp": "1.00", "created_time": "2026-02-07T03:38:25.888021Z", "no_price": 34, "no_price_dollars": "0.3400", "price": 0.66, "taker_side": "yes", "ticker": "KXINXPOS-26DEC31H1900-T6845.5", "trade_id": "e26f2374-b01b-7b6f-09c2-65954c49f308", "yes_price": 66, "yes_price_dollars": "0.6600"}
{"count": 13, "count_fp": "13.00", "created_time": "2026-02-07T02:43:43.454203Z", "no_price": 34, "no_price_dollars": "0.3400", "price": 0.66, "taker_side": "yes", "ticker": "KXINXPOS-26DEC31H1900-T6845.5", "trade_id": "f957a1d9-51af-4257-501f-8bca3b1ec810", "yes_price": 66, "yes_price_dollars": "0.6600"}
{"count": 42, "count_fp": "42.00", "created_time": "2026-02-07T02:43:43.454203Z", "no_price": 34, "no_price_dollars": "0.3400", "price": 0.66, "taker_side": "yes", "ticker": "KXINXPOS-26DEC31H1900-T6845.5", "trade_id": "f20dac05-63e1-4ed0-491e-5544677315f0", "yes_price": 66, "yes_price_dollars": "0.6600"}
{"count": 20, "count_fp": "20.00", "created_time": "2026-02-07T02:43:43.454203Z", "no_price": 34, "no_price_dollars": "0.3400", "price": 0.66, "taker_side": "yes", "ticker": "KXINXPOS-26DEC31H1900-T6845.5", "trade_id": "ecade697-a467-492b-5c68-cbb6f71c4225", "yes_price": 66, "yes_price_dollars": "0.6600"}
{"count": 31, "count_fp": "31.00", "created_time": "2026-02-07T02:43:43.454203Z", "no_price": 34, "no_price_dollars": "0.3400", "price": 0.66, "taker_side": "yes", "ticker": "KXINXPOS-26DEC31H1900-T6845.5", "trade_id": "d9324011-d2a5-4a79-57a7-02cfd1b391f0", "yes_price": 66, "yes_price_dollars": "0.6600"}
{"count": 13, "count_fp": "13.00", "created_time": "2026-02-07T02:43:43.454203Z", "no_price": 34, "no_price_dollars": "0.3400", "price": 0.66, "taker_side": "yes", "ticker": "KXINXPOS-26DEC31H1900-T6845.5", "trade_id": "bce54d41-3d51-4646-47e5-34290b030df0", "yes_price": 66, "yes_price_dollars": "0.6600"}
{"count": 30, "count_fp": "30.00", "created_time": "2026-02-07T02:43:43.454203Z", "no_price": 34, "no_price_dollars": "0.3400", "price": 0.66, "taker_side": "yes", "ticker": "KXINXPOS-26DEC31H1900-T6845.5", "trade_id": "59d6f1c2-e2bf-41df-604f-fe695875c7a1", "yes_price": 66, "yes_price_dollars": "0.6600"}
{"count": 12, "count_fp": "12.00", "created_time": "2026-02-07T01:46:42.289015Z", "no_price": 34, "no_price_dollars": "0.3400", "price": 0.66, "taker_side": "yes", "ticker": "KXINXPOS-26DEC31H1900-T6845.5", "trade_id": "6177d007-a1bd-5164-9188-bc23ea48d294", "yes_price": 66, "yes_price_dollars": "0.6600"}
{"count": 1, "count_fp": "1.00", "created_time": "2026-02-07T01:21:38.390834Z", "no_price": 34, "no_price_dollars": "0.3400", "price": 0.66, "taker_side": "yes", "ticker": "KXINXPOS-26DEC31H1900-T6845.5", "trade_id": "f6dcaf07-7a85-7fe4-b83d-dd379cc6f1bc", "yes_price": 66, "yes_price_dollars": "0.6600"}
{"count": 1, "count_fp": "1.00", "created_time": "2026-02-07T01:20:53.222244Z", "no_price": 36, "no_price_dollars": "0.3600", "price": 0.64, "taker_side": "no", "ticker": "KXINXPOS-26DEC31H1900-T6845.5", "trade_id": "4ec5864d-7550-54a3-1f5c-305bb3459d76", "yes_price": 64, "yes_price_dollars": "0.6400"}
{"count": 7, "count_fp": "7.00", "created_time": "2026-02-07T01:20:53.222244Z", "no_price": 36, "no_price_dollars": "0.3600", "price": 0.64, "taker_side": "no", "ticker": "KXINXPOS-26DEC31H1900-T6845.5", "trade_id": "289441e9-7616-5377-293c-50b9dd99dd69", "yes_price": 64, "yes_price_dollars": "0.6400"}
