{"count": 333, "count_fp": "333.00", "created_time": "2026-02-06T05:42:30.66393Z", "no_price": 99, "no_price_dollars": "0.9900", "price": 0.01, "taker_side": "yes", "ticker": "KXINX-26FEB06H1600-T7299.9999", "trade_id": "05d8d7e6-ffa9-49da-1ed2-d5982380b7cf", "yes_price": 1, "yes_price_dollars": "0.0100"}
{"count": 3223, "count_fp": "3223.00", "created_time": "2026-02-06T14:37:03.246918Z", "no_price": 97, "no_price_dollars": "0.9700", "price": 0.03, "taker_side": "yes", "ticker": "KXINX-26FEB06H1600-T6600", "trade_id": "95f69028-f5c7-7785-0692-380a39b8ed9f", "yes_price": 3, "yes_price_dollars": "0.0300"}
{"count": 20, "count_fp": "20.00", "created_time": "2026-02-06T14:37:03.246918Z", "no_price": 98, "no_price_dollars": "0.9800", "price": 0.02, "taker_side": "yes", "ticker": "KXINX-26FEB06H1600-T6600", "trade_id": "90658694-d7fb-7145-3a34-8db48aa4ba74", "yes_price": 2, "yes_price_dollars": "0.0200"}
{"count": 92, "count_fp": "92.00", "created_time": "2026-02-06T05:38:38.551243Z", "no_price": 83, "no_price_dollars": "0.8300", "price": 0.17, "taker_side": "yes", "ticker": "KXINX-26FEB06H1600-T6600", "trade_id": "9450b082-37fd-5934-61ef-595b19f3cfdf", "yes_price": 17, "yes_price_dollars": "0.1700"}
{"count": 24, "count_fp": "24.00", "created_time": "2026-02-06T05:38:38.551243Z", "no_price": 84, "no_price_dollars": "0.8400", "price": 0.16, "taker_side": "yes", "ticker": "KXINX-26FEB06H1600-T6600", "trade_id": "83c8c794-0ccb-50d9-79b0-a72fcac24ea0", "yes_price": 16, "yes_price_dollars": "0.1600"}
{"count": 1, "count_fp": "1.00", "created_time": "2026-02-06T05:38:38.551243Z", "no_price": 88, "no_price_dollars": "0.8800", "price": 0.12, "taker_side": "yes", "ticker": "KXINX-26FEB06H1600-T6600", "trade_id": "32f054d1-eaea-54f2-7b6a-0c38924f9ee3", "yes_price": 12, "yes_price_dollars": "0.1200"}
{"count": 19, "count_fp": "19.00", "created_time": "2026-02-06T04:25:57.501554Z", "no_price": 84, "no_price_dollars": "0.8400", "price": 0.16, "taker_side": "yes", "ticker": "KXINX-26FEB06H1600-T6600", "trade_id": "ea595cab-f393-5e74-ada1-bba0097aad01", "yes_price": 16, "yes_price_dollars": "0.1600"}
{"count": 5, "count_fp": "5.00", "created_time": "2026-02-06T03:57:21.33272Z", "no_price": 83, "no_price_dollars": "0.8300", "price": 0.17, "taker_side": "yes", "ticker": "KXINX-26FEB06H1600-T6600", "trade_id": "98f57ffb-14f5-678c-5706-1d508e84dac3", "yes_price": 17, "yes_price_dollars": "0.1700"}
{"count": 1, "count_fp": "1.00", "created_time": "2026-02-06T02:29:25.945922Z", "no_price": 91, "no_price_dollars": "0.9100", "price": 0.09, "taker_side": "yes", "ticker": "KXINX-26FEB06H1600-T6600", "trade_id": "eecc75b6-c1b9-617d-77d6-a2a9ee8a8232", "yes_price": 9, "yes_price_dollars": "0.0900"}
{"count": 24, "count_fp": "24.00", "created_time": "2026-02-06T02:29:25.945922Z", "no_price": 84, "no_price_dollars": "0.8400", "price": 0.16, "taker_side": "yes", "ticker": "KXINX-26FEB06H1600-T6600", "trade_id": "ea6be29d-e0c2-6500-49e5-fea6f2f3eed5", "yes_price": 16, "yes_price_dollars": "0.1600"}
{"count": 20, "count_fp": "20.00", "created_time": "2026-02-06T02:29:25.945922Z", "no_price": 99, "no_price_dollars": "0.9900", "price": 0.01, "taker_side": "yes", "ticker": "KXINX-26FEB06H1600-T6600", "trade_id": "e15e38e9-55a3-6e06-47b8-be24f31a5e9a", "yes_price": 1, "yes_price_dollars": "0.0100"}
{"count": 3, "count_fp": "3.00", "created_time": "2026-02-06T02:29:25.945922Z", "no_price": 92, "no_price_dollars": "0.9200", "price": 0.08, "taker_side": "yes", "ticker": "KXINX-26FEB06H1600-T6600", "trade_id": "6f778e7d-1b04-632c-5e1f-54fb605fbcc3", "yes_price": 8, "yes_price_dollars": "0.0800"}
{"count": 20, "count_fp": "20.00", "created_time": "2026-02-06T02:29:25.945922Z", "no_price": 99, "no_price_dollars": "0.9900", "price": 0.01, "taker_side": "yes", "ticker": "KXINX-26FEB06H1600-T6600", "trade_id": "18f91f78-fe84-67cd-721f-45ca0e1c3a1c", "yes_price": 1, "yes_price_dollars": "0.0100"}
{"count": 2, "count_fp": "2.00", "created_time": "2026-02-06T02:29:25.945922Z", "no_price": 90, "no_price_dollars": "0.9000", "price": 0.1, "taker_side": "yes", "ticker": "KXINX-26FEB06H1600-T6600", "trade_id": "0ef86f55-135c-608c-72b4-97a3a60fbaf3", "yes_price": 10, "yes_price_dollars": "0.1000"}
{"count": 13, "count_fp": "13.00", "created_time": "2026-02-06T05:44:58.036023Z", "no_price": 99, "no_price_dollars": "0.9900", "price": 0.01, "taker_side": "yes", "ticker": "KXINX-26FEB06H1600-B7262", "trade_id": "e187515a-e0cb-7171-ff3a-1d8215a04de5", "yes_price": 1, "yes_price_dollars": "0.0100"}
{"count": 5, "count_fp": "5.00", "created_time": "2026-02-06T05:44:58.036023Z", "no_price": 99, "no_price_dollars": "0.9900", "price": 0.01, "taker_side": "yes", "ticker": "KXINX-26FEB06H1600-B7262", "trade_id": "99540471-2a99-749f-e8dc-437b97c7f6ac", "yes_price": 1, "yes_price_dollars": "0.0100"}
{"count": 15, "count_fp": "15.00", "created_time": "2026-02-06T05:44:58.036023Z", "no_price": 99, "no_price_dollars": "0.9900", "price": 0.01, "taker_side": "yes", "ticker": "KXINX-26FEB06H1600-B7262", "trade_id": "878cbdba-76b1-7398-ee20-09e88a044f7c", "yes_price": 1, "yes_price_dollars": "0.0100"}
{"count": 20, "count_fp": "20.00", "created_time": "2026-02-06T06:11:09.614838Z", "no_price": 99, "no_price_dollars": "0.9900", "price": 0.01, "taker_side": "yes", "ticker": "KXINX-26FEB06H1600-B7137", "trade_id": "8130f298-52a0-7ab2-81e9-f0e437d42006", "yes_price": 1, "yes_price_dollars": "0.0100"}
{"count": 8, "count_fp": "8.00", "created_time": "2026-02-06T06:11:09.614838Z", "no_price": 99, "no_price_dollars": "0.9900", "price": 0.01, "taker_side": "yes", "ticker": "KXINX-26FEB06H1600-B7137", "trade_id": "724ad2b5-937e-71ee-8b0e-aaa3f5401aae", "yes_price": 1, "yes_price_dollars": "0.0100"}
{"count": 5, "count_fp": "5.00", "created_time": "2026-02-06T06:11:09.614838Z", "no_price": 99, "no_price_dollars": "0.9900", "price": 0.01, "taker_side": "yes", "ticker": "KXINX-26FEB06H1600-B7137", "trade_id": "1c52cdae-dc00-79ff-8cc2-2757137f1adc", "yes_price": 1, "yes_price_dollars": "0.0100"}
{"count": 33, "count_fp": "33.00", "created_time": "2026-02-06T05:43:58.667185Z", "no_price": 99, "no_price_dollars": "0.9900", "price": 0.01, "taker_side": "yes", "ticker": "KXINX-26FEB06H1600-B7087", "trade_id": "50cdc3af-788b-418c-9184-9c52b759d59d", "yes_price": 1, "yes_price_dollars": "0.0100"}
{"count": 6, "count_fp": "6.00", "created_time": "2026-02-06T12:57:19.466825Z", "no_price": 95, "no_price_dollars": "0.9500", "price": 0.05, "taker_side": "yes", "ticker": "KXINX-26FEB06H1600-B7037", "trade_id": "fc04f530-462e-5901-210e-cb6ee63a8b9b", "yes_price": 5, "yes_price_dollars": "0.0500"}
{"count": 20, "count_fp": "20.00", "created_time": "2026-02-06T12:57:19.466825Z", "no_price": 99, "no_price_dollars": "0.9900", "price": 0.01, "taker_side": "yes", "ticker": "KXINX-26FEB06H1600-B7037", "trade_id": "d526b84a-1463-5bdc-2dbd-679ce823dc11", "yes_price": 1, "yes_price_dollars": "0.0100"}
{"count": 2, "count_fp": "2.00", "created_time": "2026-02-06T12:57:19.466825Z", "no_price": 99, "no_price_dollars": "0.9900", "price": 0.01, "taker_side": "yes", "ticker": "KXINX-26FEB06H1600-B7037", "trade_id": "c894a0af-2ae0-506d-2b81-54f1ac033ba1", "yes_price": 1, "yes_price_dollars": "0.0100"}
{"count": 20, "count_fp": "20.00", "created_time": "2026-02-06T12:57:19.466825Z", "no_price": 99, "no_price_dollars": "0.9900", "price": 0.01, "taker_side": "yes", "ticker": "KXINX-26FEB06H1600-B7037", "trade_id": "bd1c3ed6-c66a-5ab9-221c-a8c40c80337b", "yes_price": 1, "yes_price_dollars": "0.0100"}
{"count": 20, "count_fp": "20.00", "created_time": "2026-02-06T12:57:19.466825Z", "no_price": 99, "no_price_dollars": "0.9900", "price": 0.01, "taker_side": "yes", "ticker": "KXINX-26FEB06H1600-B7037", "trade_id": "1cfd694d-147e-57e4-1a0c-13b6d84d92df", "yes_price": 1, "yes_price_dollars": "0.0100"}
{"count": 20, "count_fp": "20.00", "created_time": "2026-02-06T10:54:10.651648Z", "no_price": 99, "no_price_dollars": "0.9900", "price": 0.01, "taker_side": "yes", "ticker": "KXINX-26FEB06H1600-B7037", "trade_id": "840bc5ce-2852-4256-e68a-39283a984b11", "yes_price": 1, "yes_price_dollars": "0.0100"}
{"count": 18, "count_fp": "18.00", "created_time": "2026-02-06T10:54:10.651648Z", "no_price": 99, "no_price_dollars": "0.9900", "price": 0.01, "taker_side": "yes", "ticker": "KXINX-26FEB06H1600-B7037", "trade_id": "64462418-5488-4bad-fd9a-63768aa8de51", "yes_price": 1, "yes_price_dollars": "0.0100"}
{"count": 2, "count_fp": "2.00", "created_time": "2026-02-06T16:10:59.527511Z", "no_price": 98, "no_price_dollars": "0.9800", "price": 0.02, "taker_side": "yes", "ticker": "KXINX-26FEB06H1600-B7012", "trade_id": "fa18e11f-f718-7e9e-3580-a4d00149c3a1", "yes_price": 2, "yes_price_dollars": "0.0200"}
{"count": 20, "count_fp": "20.00", "created_time": "2026-02-06T16:10:59.527511Z", "no_price": 99, "no_price_dollars": "0.9900", "price": 0.01, "taker_side": "yes", "ticker": "KXINX-26FEB06H1600-B7012", "trade_id": "f58bf659-b068-7b25-2c4c-e38b013b0464", "yes_price": 1, "yes_price_dollars": "0.0100"}
{"count": 20, "count_fp": "20.00", "created_time": "2026-02-06T16:10:59.527511Z", "no_price": 99, "no_price_dollars": "0.9900", "price": 0.01, "taker_side": "yes", "ticker": "KXINX-26FEB06H1600-B7012", "trade_id": "e80a35be-8157-77d3-0064-bd7101f9c837", "yes_price": 1, "yes_price_dollars": "0.0100"}
{"count": 118, "count_fp": "118.00", "created_time": "2026-02-06T16:10:59.527511Z", "no_price": 97, "no_price_dollars": "0.9700", "price": 0.03, "taker_side": "yes", "ticker": "KXINX-26FEB06H1600-B7012", "trade_id": "b8801936-379f-7031-10f6-a3a4a96729ba", "yes_price": 3, "yes_price_dollars": "0.0300"}
{"count": 6, "count_fp": "6.00", "created_time": "2026-02-06T16:10:59.527511Z", "no_price": 97, "no_price_dollars": "0.9700", "price": 0.03, "taker_side": "yes", "ticker": "KXINX-26FEB06H1600-B7012", "trade_id": "3785406e-7f34-7a57-009c-9e539b30f99d", "yes_price": 3, "yes_price_dollars": "0.0300"}
{"count": 33, "count_fp": "33.00", "created_time": "2026-02-06T16:10:59.527511Z", "no_price": 98, "no_price_dollars": "0.9800", "price": 0.02, "taker_side": "yes", "ticker": "KXINX-26FEB06H1600-B7012", "trade_id": "2ea156ed-117d-74ef-2c20-2b79f913a666", "yes_price": 2, "yes_price_dollars": "0.0200"}
{"count": 2, "count_fp": "2.00", "created_time": "2026-02-06T14:19:16.576767Z", "no_price": 98, "no_price_dollars": "0.9800", "price": 0.02, "taker_side": "yes", "ticker": "KXINX-26FEB06H1600-B7012", "trade_id": "ed76d3dd-cc67-7ba3-d50b-fe4a6f1c911a", "yes_price": 2, "yes_price_dollars": "0.0200"}
{"count": 3, "count_fp": "3.00", "created_time": "2026-02-06T14:19:16.576767Z", "no_price": 99, "no_price_dollars": "0.9900", "price": 0.01, "taker_side": "yes", "ticker": "KXINX-26FEB06H1600-B7012", "trade_id": "2d75dea9-d0d2-77a6-cace-b0ff76deffe1", "yes_price": 1, "yes_price_dollars": "0.0100"}
{"count": 17, "count_fp": "17.00", "created_time": "2026-02-06T12:57:09.733125Z", "no_price": 99, "no_price_dollars": "0.9900", "price": 0.01, "taker_side": "yes", "ticker": "KXINX-26FEB06H1600-B7012", "trade_id": "ba78dc32-e3ee-581a-6881-bb5782961cd9", "yes_price": 1, "yes_price_dollars": "0.0100"}
{"count": 20, "count_fp": "20.00", "created_time": "2026-02-06T12:57:09.733125Z", "no_price": 99, "no_price_dollars": "0.9900", "price": 0.01, "taker_side": "yes", "ticker": "KXINX-26FEB06H1600-B7012", "trade_id": "b3af2d8d-d2cb-5855-42c4-4a2efe0abd22", "yes_price": 1, "yes_price_dollars": "0.0100"}
{"count": 19, "count_fp": "19.00", "created_time": "2026-02-06T12:57:09.733125Z", "no_price": 99, "no_price_dollars": "0.9900", "price": 0.01, "taker_side": "yes", "ticker": "KXINX-26FEB06H1600-B7012", "trade_id": "8513c3ce-eadc-5ceb-7ff8-7b37ff955a1c", "yes_price": 1, "yes_price_dollars": "0.0100"}
{"count": 20, "count_fp": "20.00", "created_time": "2026-02-06T12:57:09.733125Z", "no_price": 99, "no_price_dollars": "0.9900", "price": 0.01, "taker_side": "yes", "ticker": "KXINX-26FEB06H1600-B7012", "trade_id": "4536604f-b4bb-5fd3-40bf-dbe636e7ff2a", "yes_price": 1, "yes_price_dollars": "0.0100"}
{"count": 20, "count_fp": "20.00", "created_time": "2026-02-06T12:57:09.733125Z", "no_price": 99, "no_price_dollars": "0.9900", "price": 0.01, "taker_side": "yes", "ticker": "KXINX-26FEB06H1600-B7012", "trade_id": "1ec7d638-cb1d-538a-6aef-eeee12e0fc9d", "yes_price": 1, "yes_price_dollars": "0.0100"}
{"count": 1, "count_fp": "1.00", "created_time": "2026-02-06T11:41:48.459141Z", "no_price": 99, "no_price_dollars": "0.9900", "price": 0.01, "taker_side": "yes", "ticker": "KXINX-26FEB06H1600-B7012", "trade_id": "9305c7ad-cc78-6327-94fb-a03714acd790", "yes_price": 1, "yes_price_dollars": "0.0100"}
{"count": 1, "count_fp": "1.00", "created_time": "2026-02-06T19:05:36.788423Z", "no_price": 99, "no_price_dollars": "0.9900", "price": 0.01, "taker_side": "no", "ticker": "KXINX-26FEB06H1600-B6987", "trade_id": "4e49a69b-a879-7432-434c-4c0112e36438", "yes_price": 1, "yes_price_dollars": "0.0100"}
{"count": 4, "count_fp": "4.00", "created_time": "2026-02-06T17:22:42.605094Z", "no_price": 97, "no_price_dollars": "0.9700", "price": 0.03, "taker_side": "yes", "ticker": "KXINX-26FEB06H1600-B6987", "trade_id": "e6c098fa-f8c4-5c6e-f099-a1bbf3e7fbc4", "yes_price": 3, "yes_price_dollars": "0.0300"}
{"count": 20, "count_fp": "20.00", "created_time": "2026-02-06T17:22:42.605094Z", "no_price": 98, "no_price_dollars": "0.9800", "price": 0.02, "taker_side": "yes", "ticker": "KXINX-26FEB06H1600-B6987", "trade_id": "79bfe471-dc7c-5a4b-fa44-ab7e1835b36a", "yes_price": 2, "yes_price_dollars": "0.0200"}
{"count": 1, "count_fp": "1.00", "created_time": "2026-02-06T17:22:42.605094Z", "no_price": 98, "no_price_dollars": "0.9800", "price": 0.02, "taker_side": "yes", "ticker": "KXINX-26FEB06H1600-B6987", "trade_id": "63508aac-f059-5414-f0fd-b2378b762eca", "yes_price": 2, "yes_price_dollars": "0.0200"}
{"count": 20, "count_fp": "20.00", "created_time": "2026-02-06T17:22:42.605094Z", "no_price": 98, "no_price_dollars": "0.9800", "price": 0.02, "taker_side": "yes", "ticker": "KXINX-26FEB06H1600-B6987", "trade_id": "262ec52a-e4d7-5910-cbab-b760b88f35c9", "yes_price": 2, "yes_price_dollars": "0.0200"}
{"count": 10, "count_fp": "10.00", "created_time": "2026-02-06T14:17:50.202645Z", "no_price": 98, "no_price_dollars": "0.9800", "price": 0.02, "taker_side": "yes", "ticker": "KXINX-26FEB06H1600-B6987", "trade_id": "11352446-abf5-43dc-9f23-3b66a4c399f6", "yes_price": 2, "yes_price_dollars": "0.0200"}
{"count": 20, "count_fp": "20.00", "created_time": "2026-02-06T12:56:59.196904Z", "no_price": 98, "no_price_dollars": "0.9800", "price": 0.02, "taker_side": "yes", "ticker": "KXINX-26FEB06H1600-B6987", "trade_id": "cee2eed3-e62e-5af1-d402-c344f4a28656", "yes_price": 2, "yes_price_dollars": "0.0200"}
{"count": 9, "count_fp": "9.00", "created_time": "2026-02-06T12:56:59.196904Z", "no_price": 98, "no_price_dollars": "0.9800", "price": 0.02, "taker_side": "yes", "ticker": "KXINX-26FEB06H1600-B6987", "trade_id": "79a8784d-8ff5-54dc-f8e0-9ca62c2128ea", "yes_price": 2, "yes_price_dollars": "0.0200"}
{"count": 19, "count_fp": "19.00", "created_time": "2026-02-06T12:56:59.196904Z", "no_price": 98, "no_price_dollars": "0.9800", "price": 0.02, "taker_side": "yes", "ticker": "KXINX-26FEB06H1600-B6987", "trade_id": "085938eb-6ca2-5ca5-cd73-a4560bcdc53e", "yes_price": 2, "yes_price_dollars": "0.0200"}
{"count": 1, "count_fp": "1.00", "created_time": "2026-02-06T11:41:34.190079Z", "no_price": 98, "no_price_dollars": "0.9800", "price": 0.02, "taker_side": "yes", "ticker": "KXINX-26FEB06H1600-B6987", "trade_id": "d6f3261f-6ae2-4fd9-ae89-79d24839b9a2", "yes_price": 2, "yes_price_dollars": "0.0200"}
{"count": 128, "count_fp": "128.00", "created_time": "2026-02-06T01:51:49.413934Z", "no_price": 94, "no_price_dollars": "0.9400", "price": 0.06, "taker_side": "yes", "ticker": "KXINX-26FEB06H1600-B6987", "trade_id": "de3c25ec-d3ae-7348-18ec-8df91627b272", "yes_price": 6, "yes_price_dollars": "0.0600"}
{"count": 20, "count_fp": "20.00", "created_time": "2026-02-06T01:51:49.413934Z", "no_price": 98, "no_price_dollars": "0.9800", "price": 0.02, "taker_side": "yes", "ticker": "KXINX-26FEB06H1600-B6987", "trade_id": "cda8765c-818c-70d4-013f-b864fad35ee4", "yes_price": 2, "yes_price_dollars": "0.0200"}
{"count": 19, "count_fp": "19.00", "created_time": "2026-02-06T01:51:49.413934Z", "no_price": 94, "no_price_dollars": "0.9400", "price": 0.06, "taker_side": "yes", "ticker": "KXINX-26FEB06H1600-B6987", "trade_id": "72f095f6-cfed-7068-1328-bac2030f9de8", "yes_price": 6, "yes_price_dollars": "0.0600"}
{"count": 20, "count_fp": "20.00", "created_time": "2026-02-06T01:51:49.413934Z", "no_price": 98, "no_price_dollars": "0.9800", "price": 0.02, "taker_side": "yes", "ticker": "KXINX-26FEB06H1600-B6987", "trade_id": "56115255-0611-7407-0e16-37ce52ddb1ae", "yes_price": 2, "yes_price_dollars": "0.0200"}
{"count": 40, "count_fp": "40.00", "created_time": "2026-02-06T20:54:46.672658Z", "no_price": 93, "no_price_dollars": "0.9300", "price": 0.07, "taker_side": "no", "ticker": "KXINX-26FEB06H1600-B6962", "trade_id": "5f86f2cc-fa99-730f-d496-a458cbd32a73", "yes_price": 7, "yes_price_dollars": "0.0700"}
{"count": 44, "count_fp": "44.00", "created_time": "2026-02-06T20:54:45.042671Z", "no_price": 89, "no_price_dollars": "0.8900", "price": 0.11, "taker_side": "yes", "ticker": "KXINX-26FEB06H1600-B6962", "trade_id": "c7d684db-1ca0-779c-4915-924796e6284e", "yes_price": 11, "yes_price_dollars": "0.1100"}
{"count": 67, "count_fp": "67.00", "created_time": "2026-02-06T20:54:22.176162Z", "no_price": 90, "no_price_dollars": "0.9000", "price": 0.1, "taker_side": "yes", "ticker": "KXINX-26FEB06H1600-B6962", "trade_id": "5a4955ae-5ad2-7c19-716b-d13863ad4354", "yes_price": 10, "yes_price_dollars": "0.1000"}
{"count": 122, "count_fp": "122.00", "created_time": "2026-02-06T20:54:14.028967Z", "no_price": 95, "no_price_dollars": "0.9500", "price": 0.05, "taker_side": "no", "ticker": "KXINX-26FEB06H1600-B6962", "trade_id": "742673e1-e36a-7d2c-fd30-0d92f93a8d1c", "yes_price": 5, "yes_price_dollars": "0.0500"}
{"count": 30, "count_fp": "30.00", "created_time": "2026-02-06T20:53:45.976367Z", "no_price": 91, "no_price_dollars": "0.9100", "price": 0.09, "taker_side": "no", "ticker": "KXINX-26FEB06H1600-B6962", "trade_id": "5e6d204e-c727-51df-7fed-cf796c490784", "yes_price": 9, "yes_price_dollars": "0.0900"}
{"count": 50, "count_fp": "50.00", "created_time": "2026-02-06T20:53:45.976367Z", "no_price": 91, "no_price_dollars": "0.9100", "price": 0.09, "taker_side": "no", "ticker": "KXINX-26FEB06H1600-B6962", "trade_id": "35a8a645-ef73-5968-403a-034c1c47afb7", "yes_price": 9, "yes_price_dollars": "0.0900"}
{"count": 12, "count_fp": "12.00", "created_time": "2026-02-06T20:52:40.478812Z", "no_price": 79, "no_price_dollars": "0.7900", "price": 0.21, "taker_side": "yes", "ticker": "KXINX-26FEB06H1600-B6962", "trade_id": "872836a9-8e7a-661d-a948-4b0c7355b784", "yes_price": 21, "yes_price_dollars": "0.2100"}
{"count": 42, "count_fp": "42.00", "created_time": "2026-02-06T20:52:38.808647Z", "no_price": 77, "no_price_dollars": "0.7700", "price": 0.23, "taker_side": "yes", "ticker": "KXINX-26FEB06H1600-B6962", "trade_id": "ae97ce48-52fe-7471-a372-476539a7129c", "yes_price": 23, "yes_price_dollars": "0.2300"}
{"count": 389, "count_fp": "389.00", "created_time": "2026-02-06T20:52:38.534662Z", "no_price": 77, "no_price_dollars": "0.7700", "price": 0.23, "taker_side": "yes", "ticker": "KXINX-26FEB06H1600-B6962", "trade_id": "5632d639-3c8a-7c19-2c81-f5a859205b5c", "yes_price": 23, "yes_price_dollars": "0.2300"}
{"count": 216, "count_fp": "216.00", "created_time": "2026-02-06T20:51:41.438326Z", "no_price": 83, "no_price_dollars": "0.8300", "price": 0.17, "taker_side": "yes", "ticker": "KXINX-26FEB06H1600-B6962", "trade_id": "1817a7ab-bfee-4466-c292-61221cf8ff52", "yes_price": 17, "yes_price_dollars": "0.1700"}
{"count": 100, "count_fp": "100.00", "created_time": "2026-02-06T20:51:37.633748Z", "no_price": 86, "no_price_dollars": "0.8600", "price": 0.14, "taker_side": "yes", "ticker": "KXINX-26FEB06H1600-B6962", "trade_id": "b6a8d230-3cf2-4272-ecc6-9df82cf09ecb", "yes_price": 14, "yes_price_dollars": "0.1400"}
{"count": 55, "count_fp": "55.00", "created_time": "2026-02-06T20:51:37.633748Z", "no_price": 86, "no_price_dollars": "0.8600", "price": 0.14, "taker_side": "yes", "ticker": "KXINX-26FEB06H1600-B6962", "trade_id": "2259515e-f5e3-4bc4-d513-fbe5b5674020", "yes_price": 14, "yes_price_dollars": "0.1400"}
{"count": 40, "count_fp": "40.00", "created_time": "2026-02-06T20:51:11.372304Z", "no_price": 86, "no_price_dollars": "0.8600", "price": 0.14, "taker_side": "yes", "ticker": "KXINX-26FEB06H1600-B6962", "trade_id": "f3a9b5a9-cbb3-6300-6bb7-6b891c65daf4", "yes_price": 14, "yes_price_dollars": "0.1400"}
{"count": 40, "count_fp": "40.00", "created_time": "2026-02-06T20:51:11.372304Z", "no_price": 90, "no_price_dollars": "0.9000", "price": 0.1, "taker_side": "yes", "ticker": "KXINX-26FEB06H1600-B6962", "trade_id": "86fdb877-a9f9-6876-6f68-3a35295b99b7", "yes_price": 10, "yes_price_dollars": "0.1000"}
{"count": 967, "count_fp": "967.00", "created_time": "2026-02-06T20:44:25.759893Z", "no_price": 96, "no_price_dollars": "0.9600", "price": 0.04, "taker_side": "yes", "ticker": "KXINX-26FEB06H1600-B6962", "trade_id": "db07710b-e882-7c7d-f2c1-3a1888454a98", "yes_price": 4, "yes_price_dollars": "0.0400"}
{"count": 1, "count_fp": "1.00", "created_time": "2026-02-06T20:44:25.759893Z", "no_price": 97, "no_price_dollars": "0.9700", "price": 0.03, "taker_side": "yes", "ticker": "KXINX-26FEB06H1600-B6962", "trade_id": "b3f03175-7c60-7a0b-e799-d16794c5e324", "yes_price": 3, "yes_price_dollars": "0.0300"}
{"count": 200, "count_fp": "200.00", "created_time": "2026-02-06T20:30:23.4074Z", "no_price": 96, "no_price_dollars": "0.9600", "price": 0.04, "taker_side": "yes", "ticker": "KXINX-26FEB06H1600-B6962", "trade_id": "57009a6b-fcb2-76b9-37b1-d3ef20345ac4", "yes_price": 4, "yes_price_dollars": "0.0400"}
{"count": 295, "count_fp": "295.00", "created_time": "2026-02-06T20:24:34.212866Z", "no_price": 99, "no_price_dollars": "0.9900", "price": 0.01, "taker_side": "no", "ticker": "KXINX-26FEB06H1600-B6962", "trade_id": "7e6c2d84-d7be-4967-ad37-5f53b19893ee", "yes_price": 1, "yes_price_dollars": "0.0100"}
{"count": 890, "count_fp": "890.00", "created_time": "2026-02-06T19:04:55.013334Z", "no_price": 99, "no_price_dollars": "0.9900", "price": 0.01, "taker_side": "no", "ticker": "KXINX-26FEB06H1600-B6962", "trade_id": "9744a485-b823-4959-41b4-9f1b0c8c57d3", "yes_price": 1, "yes_price_dollars": "0.0100"}
{"count": 13, "count_fp": "13.00", "created_time": "2026-02-06T18:06:45.981763Z", "no_price": 93, "no_price_dollars": "0.9300", "price": 0.07, "taker_side": "yes", "ticker": "KXINX-26FEB06H1600-B6962", "trade_id": "79d3db07-43b3-5534-cd0c-5fe2a743aae0", "yes_price": 7, "yes_price_dollars": "0.0700"}
{"count": 27, "count_fp": "27.00", "created_time": "2026-02-06T18:06:07.162363Z", "no_price": 97, "no_price_dollars": "0.9700", "price": 0.03, "taker_side": "no", "ticker": "KXINX-26FEB06H1600-B6962", "trade_id": "c86f530d-1243-418b-4b2e-02a212ebe909", "yes_price": 3, "yes_price_dollars": "0.0300"}
{"count": 55, "count_fp": "55.00", "created_time": "2026-02-06T17:55:45.987333Z", "no_price": 93, "no_price_dollars": "0.9300", "price": 0.07, "taker_side": "yes", "ticker": "KXINX-26FEB06H1600-B6962", "trade_id": "99684f20-dbcb-4d44-42c7-4dd88e32e1ec", "yes_price": 7, "yes_price_dollars": "0.0700"}
{"count": 121, "count_fp": "121.00", "created_time": "2026-02-06T17:54:10.054508Z", "no_price": 98, "no_price_dollars": "0.9800", "price": 0.02, "taker_side": "no", "ticker": "KXINX-26FEB06H1600-B6962", "trade_id": "62c22fe8-8173-5f5f-22e3-da1e8afce71d", "yes_price": 2, "yes_price_dollars": "0.0200"}
{"count": 164, "count_fp": "164.00", "created_time": "2026-02-06T17:10:24.611186Z", "no_price": 95, "no_price_dollars": "0.9500", "price": 0.05, "taker_side": "yes", "ticker": "KXINX-26FEB06H1600-B6962", "trade_id": "9414e40c-f493-5e6c-6f9e-746910dd27ec", "yes_price": 5, "yes_price_dollars": "0.0500"}
{"count": 16, "count_fp": "16.00", "created_time": "2026-02-06T17:10:24.611186Z", "no_price": 96, "no_price_dollars": "0.9600", "price": 0.04, "taker_side": "yes", "ticker": "KXINX-26FEB06H1600-B6962", "trade_id": "7ca0b0f4-8cc7-5d42-556d-f096410c1d97", "yes_price": 4, "yes_price_dollars": "0.0400"}
{"count": 20, "count_fp": "20.00", "created_time": "2026-02-06T17:10:24.611186Z", "no_price": 96, "no_price_dollars": "0.9600", "price": 0.04, "taker_side": "yes", "ticker": "KXINX-26FEB06H1600-B6962", "trade_id": "5f40559d-87d4-554b-65d8-40be3e695cd7", "yes_price": 4, "yes_price_dollars": "0.0400"}
{"count": 20, "count_fp": "20.00", "created_time": "2026-02-06T14:34:06.559389Z", "no_price": 97, "no_price_dollars": "0.9700", "price": 0.03, "taker_side": "yes", "ticker": "KXINX-26FEB06H1600-B6962", "trade_id": "e5fdeb08-ea9d-401d-7218-5f4953bf9927", "yes_price": 3, "yes_price_dollars": "0.0300"}
{"count": 4, "count_fp": "4.00", "created_time": "2026-02-06T14:34:06.559389Z", "no_price": 97, "no_price_dollars": "0.9700", "price": 0.03, "taker_side": "yes", "ticker": "KXINX-26FEB06H1600-B6962", "trade_id": "c3696fce-ae9f-491c-5102-f5701e40285c", "yes_price": 3, "yes_price_dollars": "0.0300"}
{"count": 10, "count_fp": "10.00", "created_time": "2026-02-06T14:18:16.627369Z", "no_price": 97, "no_price_dollars": "0.9700", "price": 0.03, "taker_side": "yes", "ticker": "KXINX-26FEB06H1600-B6962", "trade_id": "10cf4d8f-fec3-645c-5be8-c7ebb6850fc0", "yes_price": 3, "yes_price_dollars": "0.0300"}
{"count": 5, "count_fp": "5.00", "created_time": "2026-02-06T13:25:01.750361Z", "no_price": 98, "no_price_dollars": "0.9800", "price": 0.02, "taker_side": "yes", "ticker": "KXINX-26FEB06H1600-B6962", "trade_id": "fd0b6be4-a8e3-5a64-fece-048a9d802783", "yes_price": 2, "yes_price_dollars": "0.0200"}
{"count": 5, "count_fp": "5.00", "created_time": "2026-02-06T13:22:14.310797Z", "no_price": 98, "no_price_dollars": "0.9800", "price": 0.02, "taker_side": "yes", "ticker": "KXINX-26FEB06H1600-B6962", "trade_id": "bfe25058-682d-57f1-dd9c-cea196892052", "yes_price": 2, "yes_price_dollars": "0.0200"}
{"count": 20, "count_fp": "20.00", "created_time": "2026-02-06T13:22:14.310797Z", "no_price": 98, "no_price_dollars": "0.9800", "price": 0.02, "taker_side": "yes", "ticker": "KXINX-26FEB06H1600-B6962", "trade_id": "5afbbe4b-7d7e-56cd-f221-38eb53df093f", "yes_price": 2, "yes_price_dollars": "0.0200"}
{"count": 14, "count_fp": "14.00", "created_time": "2026-02-06T13:22:14.310797Z", "no_price": 98, "no_price_dollars": "0.9800", "price": 0.02, "taker_side": "yes", "ticker": "KXINX-26FEB06H1600-B6962", "trade_id": "4e1a7e12-9d27-50d5-d93d-f329a88f5e5c", "yes_price": 2, "yes_price_dollars": "0.0200"}
{"count": 6, "count_fp": "6.00", "created_time": "2026-02-06T12:57:31.232779Z", "no_price": 97, "no_price_dollars": "0.9700", "price": 0.03, "taker_side": "yes", "ticker": "KXINX-26FEB06H1600-B6962", "trade_id": "bf68875b-fef3-4b28-5749-194f4c9c02bc", "yes_price": 3, "yes_price_dollars": "0.0300"}
{"count": 20, "count_fp": "20.00", "created_time": "2026-02-06T12:57:31.232779Z", "no_price": 97, "no_price_dollars": "0.9700", "price": 0.03, "taker_side": "yes", "ticker": "KXINX-26FEB06H1600-B6962", "trade_id": "5664f1a6-7a5f-4e21-60ad-fc7e51450ab8", "yes_price": 3, "yes_price_dollars": "0.0300"}
{"count": 6, "count_fp": "6.00", "created_time": "2026-02-06T12:57:31.232779Z", "no_price": 97, "no_price_dollars": "0.9700", "price": 0.03, "taker_side": "yes", "ticker": "KXINX-26FEB06H1600-B6962", "trade_id": "4629818e-85ff-4655-6a6f-8a3834a2de13", "yes_price": 3, "yes_price_dollars": "0.0300"}
{"count": 1, "count_fp": "1.00", "created_time": "2026-02-06T11:41:22.338257Z", "no_price": 97, "no_price_dollars": "0.9700", "price": 0.03, "taker_side": "yes", "ticker": "KXINX-26FEB06H1600-B6962", "trade_id": "ceea0327-4f37-7885-1149-911af575c33f", "yes_price": 3, "yes_price_dollars": "0.0300"}
{"count": 7, "count_fp": "7.00", "created_time": "2026-02-06T06:12:02.916062Z", "no_price": 97, "no_price_dollars": "0.9700", "price": 0.03, "taker_side": "yes", "ticker": "KXINX-26FEB06H1600-B6962", "trade_id": "eefc6f58-d3db-7033-97ec-0df55c1b0597", "yes_price": 3, "yes_price_dollars": "0.0300"}
{"count": 13, "count_fp": "13.00", "created_time": "2026-02-06T06:12:02.916062Z", "no_price": 97, "no_price_dollars": "0.9700", "price": 0.03, "taker_side": "yes", "ticker": "KXINX-26FEB06H1600-B6962", "trade_id": "d78bb3ae-db7f-7759-84b1-4a6671f70ee3", "yes_price": 3, "yes_price_dollars": "0.0300"}
{"count": 32, "count_fp": "32.00", "created_time": "2026-02-06T20:59:17.961827Z", "no_price": 3, "no_price_dollars": "0.0300", "price": 0.97, "taker_side": "no", "ticker": "KXINX-26FEB06H1600-B6937", "trade_id": "073402fd-49d3-6eb1-b71a-3008433a8a04", "yes_price": 97, "yes_price_dollars": "0.9700"}
{"count": 1, "count_fp": "1.00", "created_time": "2026-02-06T20:59:07.861107Z", "no_price": 2, "no_price_dollars": "0.0200", "price": 0.98, "taker_side": "no", "ticker": "KXINX-26FEB06H1600-B6937", "trade_id": "eee0f81c-d184-7b60-3be7-b593bfa12f4e", "yes_price": 98, "yes_price_dollars": "0.9800"}
{"count": 105, "count_fp": "105.00", "created_time": "2026-02-06T20:59:07.861107Z", "no_price": 3, "no_price_dollars": "0.0300", "price": 0.97, "taker_side": "no", "ticker": "KXINX-26FEB06H1600-B6937", "trade_id": "31ad903b-1177-7cd5-0c20-42cac2bcca1c", "yes_price": 97, "yes_price_dollars": "0.9700"}
{"count": 2, "count_fp": "2.00", "created_time": "2026-02-06T20:59:07.861107Z", "no_price": 3, "no_price_dollars": "0.0300", "price": 0.97, "taker_side": "no", "ticker": "KXINX-26FEB06H1600-B6937", "trade_id": "156e5fbd-0400-77bc-005c-3e8cedbb98fa", "yes_price": 97, "yes_price_dollars": "0.9700"}
{"count": 180, "count_fp": "180.00", "created_time": "2026-02-06T20:57:36.079482Z", "no_price": 4, "no_price_dollars": "0.0400", "price": 0.96, "taker_side": "no", "ticker": "KXINX-26FEB06H1600-B6937", "trade_id": "4d1a70fd-bd2b-40b2-33ea-0b4a33d9084f", "yes_price": 96, "yes_price_dollars": "0.9600"}
{"count": 120, "count_fp": "120.00", "created_time": "2026-02-06T20:57:03.269056Z", "no_price": 4, "no_price_dollars": "0.0400", "price": 0.96, "taker_side": "no", "ticker": "KXINX-26FEB06H1600-B6937", "trade_id": "1a6eff77-848b-6192-2e0d-f701730dd173", "yes_price": 96, "yes_price_dollars": "0.9600"}
{"count": 5, "count_fp": "5.00", "created_time": "2026-02-06T20:56:57.80576Z", "no_price": 3, "no_price_dollars": "0.0300", "price": 0.97, "taker_side": "no", "ticker": "KXINX-26FEB06H1600-B6937", "trade_id": "6dbd8e14-c3fb-5b12-0fe5-4f90c30cdcae", "yes_price": 97, "yes_price_dollars": "0.9700"}
{"count": 88, "count_fp": "88.00", "created_time": "2026-02-06T20:56:43.326331Z", "no_price": 4, "no_price_dollars": "0.0400", "price": 0.96, "taker_side": "no", "ticker": "KXINX-26FEB06H1600-B6937", "trade_id": "a2e47f39-b693-57c6-5645-feb74990819f", "yes_price": 96, "yes_price_dollars": "0.9600"}
{"count": 890, "count_fp": "890.00", "created_time": "2026-02-06T20:56:43.073472Z", "no_price": 4, "no_price_dollars": "0.0400", "price": 0.96, "taker_side": "yes", "ticker": "KXINX-26FEB06H1600-B6937", "trade_id": "8c29dc48-cd34-5186-4d22-0380346e9f5f", "yes_price": 96, "yes_price_dollars": "0.9600"}
{"count": 10, "count_fp": "10.00", "created_time": "2026-02-06T20:56:38.860766Z", "no_price": 4, "no_price_dollars": "0.0400", "price": 0.96, "taker_side": "yes", "ticker": "KXINX-26FEB06H1600-B6937", "trade_id": "28bc8c20-3454-699a-f531-e8b30b4ad3eb", "yes_price": 96, "yes_price_dollars": "0.9600"}
{"count": 15, "count_fp": "15.00", "created_time": "2026-02-06T20:55:34.887388Z", "no_price": 10, "no_price_dollars": "0.1000", "price": 0.9, "taker_side": "no", "ticker": "KXINX-26FEB06H1600-B6937", "trade_id": "623f6e59-8de3-56de-b18a-13cc3042b57f", "yes_price": 90, "yes_price_dollars": "0.9000"}
{"count": 1, "count_fp": "1.00", "created_time": "2026-02-06T20:55:34.887388Z", "no_price": 7, "no_price_dollars": "0.0700", "price": 0.93, "taker_side": "no", "ticker": "KXINX-26FEB06H1600-B6937", "trade_id": "2bbfb784-75d6-5210-8575-19b99d92ceb9", "yes_price": 93, "yes_price_dollars": "0.9300"}
{"count": 212, "count_fp": "212.00", "created_time": "2026-02-06T20:55:08.842016Z", "no_price": 6, "no_price_dollars": "0.0600", "price": 0.94, "taker_side": "yes", "ticker": "KXINX-26FEB06H1600-B6937", "trade_id": "5efcfe0a-4b59-67e4-2b1c-0dcf6c470803", "yes_price": 94, "yes_price_dollars": "0.9400"}
{"count": 500, "count_fp": "500.00", "created_time": "2026-02-06T20:54:53.442017Z", "no_price": 10, "no_price_dollars": "0.1000", "price": 0.9, "taker_side": "no", "ticker": "KXINX-26FEB06H1600-B6937", "trade_id": "039f4aed-c99d-4da9-2604-33ee27a93f64", "yes_price": 90, "yes_price_dollars": "0.9000"}
{"count": 5, "count_fp": "5.00", "created_time": "2026-02-06T20:54:40.144428Z", "no_price": 10, "no_price_dollars": "0.1000", "price": 0.9, "taker_side": "no", "ticker": "KXINX-26FEB06H1600-B6937", "trade_id": "9ab0968a-0ca3-5259-8990-cfc4ae2fc200", "yes_price": 90, "yes_price_dollars": "0.9000"}
{"count": 14, "count_fp": "14.00", "created_time": "2026-02-06T20:54:40.144428Z", "no_price": 10, "no_price_dollars": "0.1000", "price": 0.9, "taker_side": "no", "ticker": "KXINX-26FEB06H1600-B6937", "trade_id": "4bdfb3b6-0bb7-595a-8b3e-42ca1e3ae773", "yes_price": 90, "yes_price_dollars": "0.9000"}
{"count": 3, "count_fp": "3.00", "created_time": "2026-02-06T20:54:27.725584Z", "no_price": 6, "no_price_dollars": "0.0600", "price": 0.94, "taker_side": "yes", "ticker": "KXINX-26FEB06H1600-B6937", "trade_id": "4011a060-86d1-74f8-ad63-fb8608d94f3c", "yes_price": 94, "yes_price_dollars": "0.9400"}
{"count": 108, "count_fp": "108.00", "created_time": "2026-02-06T20:53:50.833894Z", "no_price": 10, "no_price_dollars": "0.1000", "price": 0.9, "taker_side": "yes", "ticker": "KXINX-26FEB06H1600-B6937", "trade_id": "187584d6-0324-49a7-39d0-78c5692fa78c", "yes_price": 90, "yes_price_dollars": "0.9000"}
{"count": 1, "count_fp": "1.00", "created_time": "2026-02-06T20:53:28.874303Z", "no_price": 13, "no_price_dollars": "0.1300", "price": 0.87, "taker_side": "no", "ticker": "KXINX-26FEB06H1600-B6937", "trade_id": "1b9c62c5-3d2c-5f5a-07ae-95b872354afb", "yes_price": 87, "yes_price_dollars": "0.8700"}
{"count": 50, "count_fp": "50.00", "created_time": "2026-02-06T20:52:59.030037Z", "no_price": 12, "no_price_dollars": "0.1200", "price": 0.88, "taker_side": "yes", "ticker": "KXINX-26FEB06H1600-B6937", "trade_id": "52911174-5730-6fca-a3ff-7b0ceaf5bf84", "yes_price": 88, "yes_price_dollars": "0.8800"}
{"count": 100, "count_fp": "100.00", "created_time": "2026-02-06T20:52:58.167587Z", "no_price": 13, "no_price_dollars": "0.1300", "price": 0.87, "taker_side": "yes", "ticker": "KXINX-26FEB06H1600-B6937", "trade_id": "d299e148-8682-62e7-beea-9e300042b09a", "yes_price": 87, "yes_price_dollars": "0.8700"}
{"count": 211, "count_fp": "211.00", "created_time": "2026-02-06T20:52:55.313344Z", "no_price": 17, "no_price_dollars": "0.1700", "price": 0.83, "taker_side": "no", "ticker": "KXINX-26FEB06H1600-B6937", "trade_id": "1c1dae91-449d-70d8-cf4d-a9cc10367a9f", "yes_price": 83, "yes_price_dollars": "0.8300"}
{"count": 40, "count_fp": "40.00", "created_time": "2026-02-06T20:52:29.923927Z", "no_price": 24, "no_price_dollars": "0.2400", "price": 0.76, "taker_side": "no", "ticker": "KXINX-26FEB06H1600-B6937", "trade_id": "c82f9741-45f5-7d68-623b-5ba674a949d7", "yes_price": 76, "yes_price_dollars": "0.7600"}
{"count": 1, "count_fp": "1.00", "created_time": "2026-02-06T20:52:25.884227Z", "no_price": 20, "no_price_dollars": "0.2000", "price": 0.8, "taker_side": "yes", "ticker": "KXINX-26FEB06H1600-B6937", "trade_id": "0277790d-473e-7d86-4649-d020eb4377f7", "yes_price": 80, "yes_price_dollars": "0.8000"}
{"count": 11, "count_fp": "11.00", "created_time": "2026-02-06T20:52:22.954458Z", "no_price": 20, "no_price_dollars": "0.2000", "price": 0.8, "taker_side": "yes", "ticker": "KXINX-26FEB06H1600-B6937", "trade_id": "e1aa4fc9-77a6-70da-7393-a531b729f9d7", "yes_price": 80, "yes_price_dollars": "0.8000"}
{"count": 14, "count_fp": "14.00", "created_time": "2026-02-06T20:51:40.24602Z", "no_price": 18, "no_price_dollars": "0.1800", "price": 0.82, "taker_side": "no", "ticker": "KXINX-26FEB06H1600-B6937", "trade_id": "ffd73bf2-8b4b-7a2a-5671-661073b16737", "yes_price": 82, "yes_price_dollars": "0.8200"}
{"count": 12, "count_fp": "12.00", "created_time": "2026-02-06T20:51:33.205041Z", "no_price": 14, "no_price_dollars": "0.1400", "price": 0.86, "taker_side": "yes", "ticker": "KXINX-26FEB06H1600-B6937", "trade_id": "5890774c-5150-6faf-5f91-b219885418d8", "yes_price": 86, "yes_price_dollars": "0.8600"}
{"count": 11, "count_fp": "11.00", "created_time": "2026-02-06T20:51:17.134482Z", "no_price": 15, "no_price_dollars": "0.1500", "price": 0.85, "taker_side": "no", "ticker": "KXINX-26FEB06H1600-B6937", "trade_id": "3cb73ea6-c310-780b-4dff-b36d737ae124", "yes_price": 85, "yes_price_dollars": "0.8500"}
{"count": 237, "count_fp": "237.00", "created_time": "2026-02-06T20:51:14.847783Z", "no_price": 14, "no_price_dollars": "0.1400", "price": 0.86, "taker_side": "yes", "ticker": "KXINX-26FEB06H1600-B6937", "trade_id": "73139b91-4fec-522f-f038-7231110adfb0", "yes_price": 86, "yes_price_dollars": "0.8600"}
{"count": 12, "count_fp": "12.00", "created_time": "2026-02-06T20:51:01.792815Z", "no_price": 17, "no_price_dollars": "0.1700", "price": 0.83, "taker_side": "no", "ticker": "KXINX-26FEB06H1600-B6937", "trade_id": "bf9f11b0-7c2a-6cf7-8ceb-2acf3e5356bb", "yes_price": 83, "yes_price_dollars": "0.8300"}
{"count": 12, "count_fp": "12.00", "created_time": "2026-02-06T20:50:03.938214Z", "no_price": 19, "no_price_dollars": "0.1900", "price": 0.81, "taker_side": "yes", "ticker": "KXINX-26FEB06H1600-B6937", "trade_id": "a5c65614-38ed-6b22-e469-47d8141da2ce", "yes_price": 81, "yes_price_dollars": "0.8100"}
{"count": 6, "count_fp": "6.00", "created_time": "2026-02-06T20:50:03.938214Z", "no_price": 14, "no_price_dollars": "0.1400", "price": 0.86, "taker_side": "yes", "ticker": "KXINX-26FEB06H1600-B6937", "trade_id": "4d3af7e7-b5c5-63bc-c50e-dc40e0094a30", "yes_price": 86, "yes_price_dollars": "0.8600"}
{"count": 23, "count_fp": "23.00", "created_time": "2026-02-06T20:49:13.065197Z", "no_price": 30, "no_price_dollars": "0.3000", "price": 0.7, "taker_side": "yes", "ticker": "KXINX-26FEB06H1600-B6937", "trade_id": "e799da92-bf72-466b-51fa-7c14234ce718", "yes_price": 70, "yes_price_dollars": "0.7000"}
{"count": 25, "count_fp": "25.00", "created_time": "2026-02-06T20:49:13.065197Z", "no_price": 29, "no_price_dollars": "0.2900", "price": 0.71, "taker_side": "yes", "ticker": "KXINX-26FEB06H1600-B6937", "trade_id": "cd214c2a-f2dc-41fb-40b6-d2eb93e37294", "yes_price": 71, "yes_price_dollars": "0.7100"}
{"count": 78, "count_fp": "78.00", "created_time": "2026-02-06T20:48:57.621579Z", "no_price": 31, "no_price_dollars": "0.3100", "price": 0.69, "taker_side": "no", "ticker": "KXINX-26FEB06H1600-B6937", "trade_id": "bdf14f23-4975-49c4-ffab-b597bce6bf77", "yes_price": 69, "yes_price_dollars": "0.6900"}
{"count": 14, "count_fp": "14.00", "created_time": "2026-02-06T20:48:57.621579Z", "no_price": 29, "no_price_dollars": "0.2900", "price": 0.71, "taker_side": "no", "ticker": "KXINX-26FEB06H1600-B6937", "trade_id": "b0506391-d248-4247-c42c-25ec4ae62c87", "yes_price": 71, "yes_price_dollars": "0.7100"}
{"count": 10, "count_fp": "10.00", "created_time": "2026-02-06T20:48:52.609103Z", "no_price": 27, "no_price_dollars": "0.2700", "price": 0.73, "taker_side": "yes", "ticker": "KXINX-26FEB06H1600-B6937", "trade_id": "796d1b96-2710-5f57-fe8b-aa323380876c", "yes_price": 73, "yes_price_dollars": "0.7300"}
{"count": 10, "count_fp": "10.00", "created_time": "2026-02-06T20:48:49.569067Z", "no_price": 26, "no_price_dollars": "0.2600", "price": 0.74, "taker_side": "no", "ticker": "KXINX-26FEB06H1600-B6937", "trade_id": "6e982b62-5fdf-73b3-6ef8-c3c0046b4825", "yes_price": 74, "yes_price_dollars": "0.7400"}
{"count": 20, "count_fp": "20.00", "created_time": "2026-02-06T20:48:19.555629Z", "no_price": 25, "no_price_dollars": "0.2500", "price": 0.75, "taker_side": "no", "ticker": "KXINX-26FEB06H1600-B6937", "trade_id": "18afc970-cf9a-7fea-850d-3550d4cb3d9a", "yes_price": 75, "yes_price_dollars": "0.7500"}
{"count": 6, "count_fp": "6.00", "created_time": "2026-02-06T20:48:06.059339Z", "no_price": 22, "no_price_dollars": "0.2200", "price": 0.78, "taker_side": "yes", "ticker": "KXINX-26FEB06H1600-B6937", "trade_id": "4bacebf1-b5fc-75db-e4e5-26994e381c24", "yes_price": 78, "yes_price_dollars": "0.7800"}
{"count": 13, "count_fp": "13.00", "created_time": "2026-02-06T20:47:41.726684Z", "no_price": 25, "no_price_dollars": "0.2500", "price": 0.75, "taker_side": "yes", "ticker": "KXINX-26FEB06H1600-B6937", "trade_id": "f224c44d-b658-7a93-4bef-c7f145a50488", "yes_price": 75, "yes_price_dollars": "0.7500"}
{"count": 58, "count_fp": "58.00", "created_time": "2026-02-06T20:46:54.135068Z", "no_price": 26, "no_price_dollars": "0.2600", "price": 0.74, "taker_side": "no", "ticker": "KXINX-26FEB06H1600-B6937", "trade_id": "5b703340-4793-76ff-6ffc-d397a50d7543", "yes_price": 74, "yes_price_dollars": "0.7400"}
{"count": 128, "count_fp": "128.00", "created_time": "2026-02-06T20:46:50.905532Z", "no_price": 25, "no_price_dollars": "0.2500", "price": 0.75, "taker_side": "yes", "ticker": "KXINX-26FEB06H1600-B6937", "trade_id": "1727cbe2-8b84-73cf-5b51-25fd4ed7d920", "yes_price": 75, "yes_price_dollars": "0.7500"}
{"count": 76, "count_fp": "76.00", "created_time": "2026-02-06T20:46:29.304909Z", "no_price": 31, "no_price_dollars": "0.3100", "price": 0.69, "taker_side": "no", "ticker": "KXINX-26FEB06H1600-B6937", "trade_id": "eceede17-ed69-4870-206f-befab0a1446f", "yes_price": 69, "yes_price_dollars": "0.6900"}
{"count": 33, "count_fp": "33.00", "created_time": "2026-02-06T20:46:26.553392Z", "no_price": 28, "no_price_dollars": "0.2800", "price": 0.72, "taker_side": "yes", "ticker": "KXINX-26FEB06H1600-B6937", "trade_id": "91311ae4-ca74-5b03-e5b1-6567182ce368", "yes_price": 72, "yes_price_dollars": "0.7200"}
{"count": 2, "count_fp": "2.00", "created_time": "2026-02-06T20:46:17.584408Z", "no_price": 27, "no_price_dollars": "0.2700", "price": 0.73, "taker_side": "yes", "ticker": "KXINX-26FEB06H1600-B6937", "trade_id": "5d826b5f-017c-6d3f-391c-9d7812c0d97c", "yes_price": 73, "yes_price_dollars": "0.7300"}
{"count": 40, "count_fp": "40.00", "created_time": "2026-02-06T20:45:59.779443Z", "no_price": 26, "no_price_dollars": "0.2600", "price": 0.74, "taker_side": "yes", "ticker": "KXINX-26FEB06H1600-B6937", "trade_id": "5d879d0a-5f44-6f8b-d16b-172d91afba88", "yes_price": 74, "yes_price_dollars": "0.7400"}
{"count": 41, "count_fp": "41.00", "created_time": "2026-02-06T20:45:20.335981Z", "no_price": 29, "no_price_dollars": "0.2900", "price": 0.71, "taker_side": "yes", "ticker": "KXINX-26FEB06H1600-B6937", "trade_id": "f689df6c-bd28-49fb-d436-9a4a4f482de0", "yes_price": 71, "yes_price_dollars": "0.7100"}
{"count": 2, "count_fp": "2.00", "created_time": "2026-02-06T20:44:13.757716Z", "no_price": 35, "no_price_dollars": "0.3500", "price": 0.65, "taker_side": "yes", "ticker": "KXINX-26FEB06H1600-B6937", "trade_id": "76415788-9a48-4aab-0403-0ea28d8e2e80", "yes_price": 65, "yes_price_dollars": "0.6500"}
{"count": 61, "count_fp": "61.00", "created_time": "2026-02-06T20:44:08.543182Z", "no_price": 39, "no_price_dollars": "0.3900", "price": 0.61, "taker_side": "yes", "ticker": "KXINX-26FEB06H1600-B6937", "trade_id": "16141305-3ff2-6e3e-8033-3a11fc672db4", "yes_price": 61, "yes_price_dollars": "0.6100"}
{"count": 5, "count_fp": "5.00", "created_time": "2026-02-06T20:43:55.979557Z", "no_price": 39, "no_price_dollars": "0.3900", "price": 0.61, "taker_side": "yes", "ticker": "KXINX-26FEB06H1600-B6937", "trade_id": "9c65654b-0f18-529f-2d39-18811f9235ac", "yes_price": 61, "yes_price_dollars": "0.6100"}
{"count": 50, "count_fp": "50.00", "created_time": "2026-02-06T20:43:48.604945Z", "no_price": 44, "no_price_dollars": "0.4400", "price": 0.56, "taker_side": "yes", "ticker": "KXINX-26FEB06H1600-B6937", "trade_id": "a6b2dc1f-7fe3-644f-b138-20d817407e42", "yes_price": 56, "yes_price_dollars": "0.5600"}
{"count": 50, "count_fp": "50.00", "created_time": "2026-02-06T20:43:25.52283Z", "no_price": 44, "no_price_dollars": "0.4400", "price": 0.56, "taker_side": "no", "ticker": "KXINX-26FEB06H1600-B6937", "trade_id": "f89ad607-0007-71b6-42da-2ab3b92dc415", "yes_price": 56, "yes_price_dollars": "0.5600"}
{"count": 50, "count_fp": "50.00", "created_time": "2026-02-06T20:43:25.52283Z", "no_price": 44, "no_price_dollars": "0.4400", "price": 0.56, "taker_side": "no", "ticker": "KXINX-26FEB06H1600-B6937", "trade_id": "bb564665-1dce-7e21-6ad3-28b762e819df", "yes_price": 56, "yes_price_dollars": "0.5600"}
{"count": 28, "count_fp": "28.00", "created_time": "2026-02-06T20:43:10.928189Z", "no_price": 41, "no_price_dollars": "0.4100", "price": 0.59, "taker_side": "yes", "ticker": "KXINX-26FEB06H1600-B6937", "trade_id": "935d16fd-d3a0-5827-fec9-309fb6a900bc", "yes_price": 59, "yes_price_dollars": "0.5900"}
{"count": 145, "count_fp": "145.00", "created_time": "2026-02-06T20:42:34.675397Z", "no_price": 35, "no_price_dollars": "0.3500", "price": 0.65, "taker_side": "yes", "ticker": "KXINX-26FEB06H1600-B6937", "trade_id": "bb8e7d25-40c8-789b-f4bd-6cca1eddd1fc", "yes_price": 65, "yes_price_dollars": "0.6500"}
{"count": 7, "count_fp": "7.00", "created_time": "2026-02-06T20:42:15.919851Z", "no_price": 47, "no_price_dollars": "0.4700", "price": 0.53, "taker_side": "yes", "ticker": "KXINX-26FEB06H1600-B6937", "trade_id": "836bbf06-d2ed-6c75-81a2-f79145aabbde", "yes_price": 53, "yes_price_dollars": "0.5300"}
{"count": 60, "count_fp": "60.00", "created_time": "2026-02-06T20:42:15.919851Z", "no_price": 45, "no_price_dollars": "0.4500", "price": 0.55, "taker_side": "yes", "ticker": "KXINX-26FEB06H1600-B6937", "trade_id": "3ee1a3be-4a25-6ba9-9e4f-3327dd3e0d45", "yes_price": 55, "yes_price_dollars": "0.5500"}
{"count": 5, "count_fp": "5.00", "created_time": "2026-02-06T20:42:13.795728Z", "no_price": 47, "no_price_dollars": "0.4700", "price": 0.53, "taker_side": "yes", "ticker": "KXINX-26FEB06H1600-B6937", "trade_id": "3723ea61-dcb1-7959-c448-85f00e3043aa", "yes_price": 53, "yes_price_dollars": "0.5300"}
{"count": 2, "count_fp": "2.00", "created_time": "2026-02-06T20:41:41.468383Z", "no_price": 53, "no_price_dollars": "0.5300", "price": 0.47, "taker_side": "no", "ticker": "KXINX-26FEB06H1600-B6937", "trade_id": "18361db6-ec49-6718-53cd-de157cb7e167", "yes_price": 47, "yes_price_dollars": "0.4700"}
{"count": 5, "count_fp": "5.00", "created_time": "2026-02-06T20:41:22.995766Z", "no_price": 50, "no_price_dollars": "0.5000", "price": 0.5, "taker_side": "yes", "ticker": "KXINX-26FEB06H1600-B6937", "trade_id": "dd6f7b4f-234a-63ce-a471-f0a52c103c1c", "yes_price": 50, "yes_price_dollars": "0.5000"}
{"count": 12, "count_fp": "12.00", "created_time": "2026-02-06T20:40:49.031497Z", "no_price": 55, "no_price_dollars": "0.5500", "price": 0.45, "taker_side": "yes", "ticker": "KXINX-26FEB06H1600-B6937", "trade_id": "c2e02660-2d90-6355-be6c-1e39e565cbb6", "yes_price": 45, "yes_price_dollars": "0.4500"}
{"count": 5, "count_fp": "5.00", "created_time": "2026-02-06T20:40:49.031497Z", "no_price": 55, "no_price_dollars": "0.5500", "price": 0.45, "taker_side": "yes", "ticker": "KXINX-26FEB06H1600-B6937", "trade_id": "77b3d4dc-84ab-6113-9902-7c77b1a6bb1a", "yes_price": 45, "yes_price_dollars": "0.4500"}
{"count": 33, "count_fp": "33.00", "created_time": "2026-02-06T20:40:15.697042Z", "no_price": 59, "no_price_dollars": "0.5900", "price": 0.41, "taker_side": "no", "ticker": "KXINX-26FEB06H1600-B6937", "trade_id": "f13663c6-b2b3-54cb-3d7a-35a272352717", "yes_price": 41, "yes_price_dollars": "0.4100"}
{"count": 9, "count_fp": "9.00", "created_time": "2026-02-06T20:40:10.398124Z", "no_price": 57, "no_price_dollars": "0.5700", "price": 0.43, "taker_side": "yes", "ticker": "KXINX-26FEB06H1600-B6937", "trade_id": "dce3c89c-30d5-6bac-b13d-51715f142c7b", "yes_price": 43, "yes_price_dollars": "0.4300"}
{"count": 5, "count_fp": "5.00", "created_time": "2026-02-06T20:40:09.251579Z", "no_price": 60, "no_price_dollars": "0.6000", "price": 0.4, "taker_side": "yes", "ticker": "KXINX-26FEB06H1600-B6937", "trade_id": "c125f359-1c75-62ff-885f-5aac934a02d2", "yes_price": 40, "yes_price_dollars": "0.4000"}
{"count": 5, "count_fp": "5.00", "created_time": "2026-02-06T20:40:07.321371Z", "no_price": 65, "no_price_dollars": "0.6500", "price": 0.35, "taker_side": "yes", "ticker": "KXINX-26FEB06H1600-B6937", "trade_id": "6657f2fc-158c-68f0-91ac-b9e8961002be", "yes_price": 35, "yes_price_dollars": "0.3500"}
{"count": 48, "count_fp": "48.00", "created_time": "2026-02-06T20:38:30.034385Z", "no_price": 69, "no_price_dollars": "0.6900", "price": 0.31, "taker_side": "yes", "ticker": "KXINX-26FEB06H1600-B6937", "trade_id": "ecf95f9e-a739-6c63-52a7-3e7a10fc4849", "yes_price": 31, "yes_price_dollars": "0.3100"}
{"count": 12, "count_fp": "12.00", "created_time": "2026-02-06T20:38:30.034385Z", "no_price": 70, "no_price_dollars": "0.7000", "price": 0.3, "taker_side": "yes", "ticker": "KXINX-26FEB06H1600-B6937", "trade_id": "1083a02d-d735-6d7f-75f3-39bece9c9c30", "yes_price": 30, "yes_price_dollars": "0.3000"}
{"count": 1, "count_fp": "1.00", "created_time": "2026-02-06T20:38:25.036835Z", "no_price": 71, "no_price_dollars": "0.7100", "price": 0.29, "taker_side": "yes", "ticker": "KXINX-26FEB06H1600-B6937", "trade_id": "4c5a9ad5-af57-623c-8c74-5029c7487392", "yes_price": 29, "yes_price_dollars": "0.2900"}
{"count": 13, "count_fp": "13.00", "created_time": "2026-02-06T20:38:05.294321Z", "no_price": 73, "no_price_dollars": "0.7300", "price": 0.27, "taker_side": "yes", "ticker": "KXINX-26FEB06H1600-B6937", "trade_id": "473c30f9-c6b0-635e-9a53-ce91704b5ccc", "yes_price": 27, "yes_price_dollars": "0.2700"}
{"count": 364, "count_fp": "364.00", "created_time": "2026-02-06T20:37:39.116771Z", "no_price": 76, "no_price_dollars": "0.7600", "price": 0.24, "taker_side": "no", "ticker": "KXINX-26FEB06H1600-B6937", "trade_id": "9ac41b74-8401-5338-1b5d-91453fa4a5ab", "yes_price": 24, "yes_price_dollars": "0.2400"}
{"count": 25, "count_fp": "25.00", "created_time": "2026-02-06T20:37:39.116771Z", "no_price": 75, "no_price_dollars": "0.7500", "price": 0.25, "taker_side": "no", "ticker": "KXINX-26FEB06H1600-B6937", "trade_id": "0f53d407-def7-59b5-3247-9f7b4899d7b9", "yes_price": 25, "yes_price_dollars": "0.2500"}
{"count": 3, "count_fp": "3.00", "created_time": "2026-02-06T20:36:47.912627Z", "no_price": 74, "no_price_dollars": "0.7400", "price": 0.26, "taker_side": "yes", "ticker": "KXINX-26FEB06H1600-B6937", "trade_id": "bab38659-69fd-524d-6e42-58864b2f45f1", "yes_price": 26, "yes_price_dollars": "0.2600"}
{"count": 14, "count_fp": "14.00", "created_time": "2026-02-06T20:35:08.17878Z", "no_price": 72, "no_price_dollars": "0.7200", "price": 0.28, "taker_side": "no", "ticker": "KXINX-26FEB06H1600-B6937", "trade_id": "a1ae652d-4da9-5a35-29c8-8f8ce6d3681d", "yes_price": 28, "yes_price_dollars": "0.2800"}
{"count": 10, "count_fp": "10.00", "created_time": "2026-02-06T20:31:34.716748Z", "no_price": 67, "no_price_dollars": "0.6700", "price": 0.33, "taker_side": "no", "ticker": "KXINX-26FEB06H1600-B6937", "trade_id": "97bcce29-43f1-46c4-db7f-7250b75014bb", "yes_price": 33, "yes_price_dollars": "0.3300"}
{"count": 30, "count_fp": "30.00", "created_time": "2026-02-06T20:30:00.780414Z", "no_price": 77, "no_price_dollars": "0.7700", "price": 0.23, "taker_side": "no", "ticker": "KXINX-26FEB06H1600-B6937", "trade_id": "27381458-20bc-53e6-052e-f290e8b980b1", "yes_price": 23, "yes_price_dollars": "0.2300"}
{"count": 25, "count_fp": "25.00", "created_time": "2026-02-06T20:30:00.356191Z", "no_price": 76, "no_price_dollars": "0.7600", "price": 0.24, "taker_side": "no", "ticker": "KXINX-26FEB06H1600-B6937", "trade_id": "d547bd33-881b-57ba-2c6f-fb37a6a6cde6", "yes_price": 24, "yes_price_dollars": "0.2400"}
{"count": 50, "count_fp": "50.00", "created_time": "2026-02-06T20:28:54.054976Z", "no_price": 67, "no_price_dollars": "0.6700", "price": 0.33, "taker_side": "no", "ticker": "KXINX-26FEB06H1600-B6937", "trade_id": "d1aaedfe-3570-5983-0e84-95fd12b571d5", "yes_price": 33, "yes_price_dollars": "0.3300"}
{"count": 60, "count_fp": "60.00", "created_time": "2026-02-06T20:28:39.545078Z", "no_price": 64, "no_price_dollars": "0.6400", "price": 0.36, "taker_side": "yes", "ticker": "KXINX-26FEB06H1600-B6937", "trade_id": "b22da393-71d5-79ad-57bd-2c530675183d", "yes_price": 36, "yes_price_dollars": "0.3600"}
{"count": 14, "count_fp": "14.00", "created_time": "2026-02-06T20:26:01.493267Z", "no_price": 71, "no_price_dollars": "0.7100", "price": 0.29, "taker_side": "no", "ticker": "KXINX-26FEB06H1600-B6937", "trade_id": "ebd6956f-6ec7-5171-192c-76f0645aa4ed", "yes_price": 29, "yes_price_dollars": "0.2900"}
{"count": 11, "count_fp": "11.00", "created_time": "2026-02-06T20:23:53.741347Z", "no_price": 63, "no_price_dollars": "0.6300", "price": 0.37, "taker_side": "yes", "ticker": "KXINX-26FEB06H1600-B6937", "trade_id": "947472c7-76da-7ea8-1bc0-a5e6790da3cc", "yes_price": 37, "yes_price_dollars": "0.3700"}
{"count": 29, "count_fp": "29.00", "created_time": "2026-02-06T20:23:53.741347Z", "no_price": 63, "no_price_dollars": "0.6300", "price": 0.37, "taker_side": "yes", "ticker": "KXINX-26FEB06H1600-B6937", "trade_id": "3fbfffaa-ae9f-73fe-3d62-86776e6ea2de", "yes_price": 37, "yes_price_dollars": "0.3700"}
{"count": 211, "count_fp": "211.00", "created_time": "2026-02-06T20:23:53.741347Z", "no_price": 62, "no_price_dollars": "0.6200", "price": 0.38, "taker_side": "yes", "ticker": "KXINX-26FEB06H1600-B6937", "trade_id": "24a8eb64-1699-7f41-39f6-29aebf81f705", "yes_price": 38, "yes_price_dollars": "0.3800"}
{"count": 21, "count_fp": "21.00", "created_time": "2026-02-06T20:23:36.1028Z", "no_price": 63, "no_price_dollars": "0.6300", "price": 0.37, "taker_side": "no", "ticker": "KXINX-26FEB06H1600-B6937", "trade_id": "014628b9-9019-6e36-3c24-c3508e157080", "yes_price": 37, "yes_price_dollars": "0.3700"}
{"count": 88, "count_fp": "88.00", "created_time": "2026-02-06T20:23:29.598228Z", "no_price": 60, "no_price_dollars": "0.6000", "price": 0.4, "taker_side": "yes", "ticker": "KXINX-26FEB06H1600-B6937", "trade_id": "9ec23656-5169-4acd-e3ef-b9c3dde5e681", "yes_price": 40, "yes_price_dollars": "0.4000"}
{"count": 5, "count_fp": "5.00", "created_time": "2026-02-06T20:20:57.017772Z", "no_price": 68, "no_price_dollars": "0.6800", "price": 0.32, "taker_side": "no", "ticker": "KXINX-26FEB06H1600-B6937", "trade_id": "3803040c-9129-6c68-fdbe-6713c48a5797", "yes_price": 32, "yes_price_dollars": "0.3200"}
{"count": 51, "count_fp": "51.00", "created_time": "2026-02-06T20:20:42.268979Z", "no_price": 63, "no_price_dollars": "0.6300", "price": 0.37, "taker_side": "no", "ticker": "KXINX-26FEB06H1600-B6937", "trade_id": "136d5228-fb4f-5038-1b15-e0f8398afb07", "yes_price": 37, "yes_price_dollars": "0.3700"}
{"count": 12, "count_fp": "12.00", "created_time": "2026-02-06T20:20:33.712171Z", "no_price": 63, "no_price_dollars": "0.6300", "price": 0.37, "taker_side": "yes", "ticker": "KXINX-26FEB06H1600-B6937", "trade_id": "5f1a6541-723a-6dcf-a938-9c02ade77e90", "yes_price": 37, "yes_price_dollars": "0.3700"}
{"count": 50, "count_fp": "50.00", "created_time": "2026-02-06T20:20:31.345671Z", "no_price": 65, "no_price_dollars": "0.6500", "price": 0.35, "taker_side": "yes", "ticker": "KXINX-26FEB06H1600-B6937", "trade_id": "7d8a3b11-65b8-6513-9f49-479550580105", "yes_price": 35, "yes_price_dollars": "0.3500"}
{"count": 371, "count_fp": "371.00", "created_time": "2026-02-06T20:20:27.163387Z", "no_price": 67, "no_price_dollars": "0.6700", "price": 0.33, "taker_side": "yes", "ticker": "KXINX-26FEB06H1600-B6937", "trade_id": "fec17f69-5e9b-6230-be55-a60de997535d", "yes_price": 33, "yes_price_dollars": "0.3300"}
{"count": 20, "count_fp": "20.00", "created_time": "2026-02-06T20:20:27.163387Z", "no_price": 67, "no_price_dollars": "0.6700", "price": 0.33, "taker_side": "yes", "ticker": "KXINX-26FEB06H1600-B6937", "trade_id": "c43b8888-9ac5-6985-b205-9c1a5154dc51", "yes_price": 33, "yes_price_dollars": "0.3300"}
{"count": 29, "count_fp": "29.00", "created_time": "2026-02-06T20:20:25.854072Z", "no_price": 67, "no_price_dollars": "0.6700", "price": 0.33, "taker_side": "yes", "ticker": "KXINX-26FEB06H1600-B6937", "trade_id": "81342188-dd93-5ed4-e5a2-3af27b627f65", "yes_price": 33, "yes_price_dollars": "0.3300"}
{"count": 30, "count_fp": "30.00", "created_time": "2026-02-06T20:20:06.439854Z", "no_price": 71, "no_price_dollars": "0.7100", "price": 0.29, "taker_side": "yes", "ticker": "KXINX-26FEB06H1600-B6937", "trade_id": "961bd959-9285-6cb6-a5ef-80d863887417", "yes_price": 29, "yes_price_dollars": "0.2900"}
{"count": 17, "count_fp": "17.00", "created_time": "2026-02-06T20:20:05.913964Z", "no_price": 72, "no_price_dollars": "0.7200", "price": 0.28, "taker_side": "yes", "ticker": "KXINX-26FEB06H1600-B6937", "trade_id": "179b96d9-5cde-63b9-82c1-aca6e61ff0f6", "yes_price": 28, "yes_price_dollars": "0.2800"}
{"count": 35, "count_fp": "35.00", "created_time": "2026-02-06T20:18:54.468976Z", "no_price": 78, "no_price_dollars": "0.7800", "price": 0.22, "taker_side": "yes", "ticker": "KXINX-26FEB06H1600-B6937", "trade_id": "cbd5a011-d168-606f-8a81-436577b7f36a", "yes_price": 22, "yes_price_dollars": "0.2200"}
{"count": 17, "count_fp": "17.00", "created_time": "2026-02-06T20:18:37.004605Z", "no_price": 80, "no_price_dollars": "0.8000", "price": 0.2, "taker_side": "yes", "ticker": "KXINX-26FEB06H1600-B6937", "trade_id": "f0d801dc-1099-784d-d0f7-bb42dd5acb42", "yes_price": 20, "yes_price_dollars": "0.2000"}
{"count": 31, "count_fp": "31.00", "created_time": "2026-02-06T20:18:37.004605Z", "no_price": 80, "no_price_dollars": "0.8000", "price": 0.2, "taker_side": "yes", "ticker": "KXINX-26FEB06H1600-B6937", "trade_id": "93e6c54d-2d0f-7371-f7d0-a25c3e06f000", "yes_price": 20, "yes_price_dollars": "0.2000"}
{"count": 58, "count_fp": "58.00", "created_time": "2026-02-06T20:18:11.175736Z", "no_price": 85, "no_price_dollars": "0.8500", "price": 0.15, "taker_side": "no", "ticker": "KXINX-26FEB06H1600-B6937", "trade_id": "e60e88dd-244d-48f8-cac6-e9b6ac66872f", "yes_price": 15, "yes_price_dollars": "0.1500"}
{"count": 34, "count_fp": "34.00", "created_time": "2026-02-06T20:12:46.507829Z", "no_price": 81, "no_price_dollars": "0.8100", "price": 0.19, "taker_side": "no", "ticker": "KXINX-26FEB06H1600-B6937", "trade_id": "193f62d1-a052-5c74-06db-1f445193da2e", "yes_price": 19, "yes_price_dollars": "0.1900"}
{"count": 21, "count_fp": "21.00", "created_time": "2026-02-06T20:12:06.166193Z", "no_price": 78, "no_price_dollars": "0.7800", "price": 0.22, "taker_side": "yes", "ticker": "KXINX-26FEB06H1600-B6937", "trade_id": "fd753ee3-bcc9-4475-8669-183136722acd", "yes_price": 22, "yes_price_dollars": "0.2200"}
{"count": 211, "count_fp": "211.00", "created_time": "2026-02-06T20:09:06.68243Z", "no_price": 77, "no_price_dollars": "0.7700", "price": 0.23, "taker_side": "yes", "ticker": "KXINX-26FEB06H1600-B6937", "trade_id": "2ef311c1-a61d-434d-d50c-2a2affdcc74d", "yes_price": 23, "yes_price_dollars": "0.2300"}
{"count": 38, "count_fp": "38.00", "created_time": "2026-02-06T20:08:31.059467Z", "no_price": 80, "no_price_dollars": "0.8000", "price": 0.2, "taker_side": "no", "ticker": "KXINX-26FEB06H1600-B6937", "trade_id": "7adac2a0-1881-5a48-b1cd-b8c532aa9f77", "yes_price": 20, "yes_price_dollars": "0.2000"}
{"count": 30, "count_fp": "30.00", "created_time": "2026-02-06T20:08:31.059467Z", "no_price": 80, "no_price_dollars": "0.8000", "price": 0.2, "taker_side": "no", "ticker": "KXINX-26FEB06H1600-B6937", "trade_id": "08379acc-2b69-5f6c-ab5b-b68d54ada19c", "yes_price": 20, "yes_price_dollars": "0.2000"}
{"count": 100, "count_fp": "100.00", "created_time": "2026-02-06T20:08:15.012589Z", "no_price": 76, "no_price_dollars": "0.7600", "price": 0.24, "taker_side": "no", "ticker": "KXINX-26FEB06H1600-B6937", "trade_id": "037fa859-075b-560b-1cbf-43fbacd11137", "yes_price": 24, "yes_price_dollars": "0.2400"}
{"count": 68, "count_fp": "68.00", "created_time": "2026-02-06T20:08:10.626274Z", "no_price": 75, "no_price_dollars": "0.7500", "price": 0.25, "taker_side": "no", "ticker": "KXINX-26FEB06H1600-B6937", "trade_id": "709ec230-2320-54f9-02c7-8196595a9ded", "yes_price": 25, "yes_price_dollars": "0.2500"}
{"count": 68, "count_fp": "68.00", "created_time": "2026-02-06T20:08:09.725493Z", "no_price": 74, "no_price_dollars": "0.7400", "price": 0.26, "taker_side": "yes", "ticker": "KXINX-26FEB06H1600-B6937", "trade_id": "d926b17f-a079-5615-a909-3c4429162469", "yes_price": 26, "yes_price_dollars": "0.2600"}
{"count": 3, "count_fp": "3.00", "created_time": "2026-02-06T20:07:36.224902Z", "no_price": 74, "no_price_dollars": "0.7400", "price": 0.26, "taker_side": "yes", "ticker": "KXINX-26FEB06H1600-B6937", "trade_id": "9f2ad7e4-f88b-4601-cb3e-a57627fa155c", "yes_price": 26, "yes_price_dollars": "0.2600"}
{"count": 5, "count_fp": "5.00", "created_time": "2026-02-06T20:06:05.918787Z", "no_price": 73, "no_price_dollars": "0.7300", "price": 0.27, "taker_side": "yes", "ticker": "KXINX-26FEB06H1600-B6937", "trade_id": "a70ed880-ef76-4a62-6eb4-0e864e2f60bd", "yes_price": 27, "yes_price_dollars": "0.2700"}
{"count": 30, "count_fp": "30.00", "created_time": "2026-02-06T20:05:55.193166Z", "no_price": 75, "no_price_dollars": "0.7500", "price": 0.25, "taker_side": "yes", "ticker": "KXINX-26FEB06H1600-B6937", "trade_id": "bfc10e18-28ca-6bf1-be0e-24debe28e278", "yes_price": 25, "yes_price_dollars": "0.2500"}
{"count": 4, "count_fp": "4.00", "created_time": "2026-02-06T20:05:29.252204Z", "no_price": 79, "no_price_dollars": "0.7900", "price": 0.21, "taker_side": "yes", "ticker": "KXINX-26FEB06H1600-B6937", "trade_id": "f644f442-30c7-6e48-870e-9b1be8e13843", "yes_price": 21, "yes_price_dollars": "0.2100"}
{"count": 4, "count_fp": "4.00", "created_time": "2026-02-06T19:59:02.123119Z", "no_price": 79, "no_price_dollars": "0.7900", "price": 0.21, "taker_side": "yes", "ticker": "KXINX-26FEB06H1600-B6937", "trade_id": "9cd54330-1952-76b8-2eb1-cdcaa1b547e9", "yes_price": 21, "yes_price_dollars": "0.2100"}
{"count": 16, "count_fp": "16.00", "created_time": "2026-02-06T19:57:52.636906Z", "no_price": 80, "no_price_dollars": "0.8000", "price": 0.2, "taker_side": "no", "ticker": "KXINX-26FEB06H1600-B6937", "trade_id": "73d3dad5-ceed-75e2-9367-743c8d493e3a", "yes_price": 20, "yes_price_dollars": "0.2000"}
{"count": 43, "count_fp": "43.00", "created_time": "2026-02-06T19:54:54.344691Z", "no_price": 68, "no_price_dollars": "0.6800", "price": 0.32, "taker_side": "no", "ticker": "KXINX-26FEB06H1600-B6937", "trade_id": "00373464-fad5-5a6c-fc5e-8955e1c60475", "yes_price": 32, "yes_price_dollars": "0.3200"}
{"count": 7, "count_fp": "7.00", "created_time": "2026-02-06T19:54:54.343048Z", "no_price": 68, "no_price_dollars": "0.6800", "price": 0.32, "taker_side": "no", "ticker": "KXINX-26FEB06H1600-B6937", "trade_id": "caf4cf67-dc75-4bb4-acf7-1e9c674b5c11", "yes_price": 32, "yes_price_dollars": "0.3200"}
{"count": 180, "count_fp": "180.00", "created_time": "2026-02-06T19:51:17.941325Z", "no_price": 70, "no_price_dollars": "0.7000", "price": 0.3, "taker_side": "no", "ticker": "KXINX-26FEB06H1600-B6937", "trade_id": "a9f2f155-d6e7-45c7-ddca-31f6e846f6a5", "yes_price": 30, "yes_price_dollars": "0.3000"}
{"count": 48, "count_fp": "48.00", "created_time": "2026-02-06T19:48:18.149828Z", "no_price": 79, "no_price_dollars": "0.7900", "price": 0.21, "taker_side": "no", "ticker": "KXINX-26FEB06H1600-B6937", "trade_id": "967b47a6-d197-4211-42dd-89ca8c91334c", "yes_price": 21, "yes_price_dollars": "0.2100"}
{"count": 48, "count_fp": "48.00", "created_time": "2026-02-06T19:47:08.561811Z", "no_price": 78, "no_price_dollars": "0.7800", "price": 0.22, "taker_side": "yes", "ticker": "KXINX-26FEB06H1600-B6937", "trade_id": "63d04af7-1f83-508a-d708-0674e1b2be39", "yes_price": 22, "yes_price_dollars": "0.2200"}
{"count": 20, "count_fp": "20.00", "created_time": "2026-02-06T19:33:43.753332Z", "no_price": 78, "no_price_dollars": "0.7800", "price": 0.22, "taker_side": "yes", "ticker": "KXINX-26FEB06H1600-B6937", "trade_id": "e73a245a-bb03-7116-a34c-1784f2d26aa9", "yes_price": 22, "yes_price_dollars": "0.2200"}
{"count": 20, "count_fp": "20.00", "created_time": "2026-02-06T19:33:30.061305Z", "no_price": 77, "no_price_dollars": "0.7700", "price": 0.23, "taker_side": "yes", "ticker": "KXINX-26FEB06H1600-B6937", "trade_id": "6c794f1b-6be7-7eba-27dc-10ed6f261a75", "yes_price": 23, "yes_price_dollars": "0.2300"}
{"count": 389, "count_fp": "389.00", "created_time": "2026-02-06T19:30:56.055095Z", "no_price": 75, "no_price_dollars": "0.7500", "price": 0.25, "taker_side": "yes", "ticker": "KXINX-26FEB06H1600-B6937", "trade_id": "b91817e1-5143-72e2-4d00-9f7fbc3a6219", "yes_price": 25, "yes_price_dollars": "0.2500"}
{"count": 30, "count_fp": "30.00", "created_time": "2026-02-06T19:28:59.969235Z", "no_price": 76, "no_price_dollars": "0.7600", "price": 0.24, "taker_side": "yes", "ticker": "KXINX-26FEB06H1600-B6937", "trade_id": "9396a98c-2623-69aa-db3b-ea23dfa700f1", "yes_price": 24, "yes_price_dollars": "0.2400"}
{"count": 100, "count_fp": "100.00", "created_time": "2026-02-06T19:10:56.503124Z", "no_price": 77, "no_price_dollars": "0.7700", "price": 0.23, "taker_side": "yes", "ticker": "KXINX-26FEB06H1600-B6937", "trade_id": "82ea3998-c15b-4f9d-56d8-3f6cadd2e86b", "yes_price": 23, "yes_price_dollars": "0.2300"}
{"count": 1119, "count_fp": "1119.00", "created_time": "2026-02-06T19:10:56.503124Z", "no_price": 77, "no_price_dollars": "0.7700", "price": 0.23, "taker_side": "yes", "ticker": "KXINX-26FEB06H1600-B6937", "trade_id": "4cb4ed18-eb27-4682-7453-1bba985dfa6d", "yes_price": 23, "yes_price_dollars": "0.2300"}
{"count": 231, "count_fp": "231.00", "created_time": "2026-02-06T19:06:35.982179Z", "no_price": 79, "no_price_dollars": "0.7900", "price": 0.21, "taker_side": "yes", "ticker": "KXINX-26FEB06H1600-B6937", "trade_id": "9a805bca-bdeb-45fa-ffdf-08621f224101", "yes_price": 21, "yes_price_dollars": "0.2100"}
{"count": 389, "count_fp": "389.00", "created_time": "2026-02-06T19:04:43.492499Z", "no_price": 75, "no_price_dollars": "0.7500", "price": 0.25, "taker_side": "yes", "ticker": "KXINX-26FEB06H1600-B6937", "trade_id": "9993d705-9cbb-5c5e-5e40-fb71d78871e1", "yes_price": 25, "yes_price_dollars": "0.2500"}
{"count": 19, "count_fp": "19.00", "created_time": "2026-02-06T18:58:39.257441Z", "no_price": 80, "no_price_dollars": "0.8000", "price": 0.2, "taker_side": "no", "ticker": "KXINX-26FEB06H1600-B6937", "trade_id": "8e3f19a3-782a-4586-ec76-ad7fd3514411", "yes_price": 20, "yes_price_dollars": "0.2000"}
{"count": 29, "count_fp": "29.00", "created_time": "2026-02-06T18:53:34.376966Z", "no_price": 67, "no_price_dollars": "0.6700", "price": 0.33, "taker_side": "yes", "ticker": "KXINX-26FEB06H1600-B6937", "trade_id": "c23adeef-ed77-44f8-0bf3-0427924c8181", "yes_price": 33, "yes_price_dollars": "0.3300"}
{"count": 2, "count_fp": "2.00", "created_time": "2026-02-06T18:50:17.926441Z", "no_price": 67, "no_price_dollars": "0.6700", "price": 0.33, "taker_side": "yes", "ticker": "KXINX-26FEB06H1600-B6937", "trade_id": "e7afa699-1187-7660-1b44-3d6f9072c681", "yes_price": 33, "yes_price_dollars": "0.3300"}
{"count": 6, "count_fp": "6.00", "created_time": "2026-02-06T18:40:43.963051Z", "no_price": 73, "no_price_dollars": "0.7300", "price": 0.27, "taker_side": "yes", "ticker": "KXINX-26FEB06H1600-B6937", "trade_id": "826c333e-092b-6e45-aed8-73a7f55b79c7", "yes_price": 27, "yes_price_dollars": "0.2700"}
{"count": 30, "count_fp": "30.00", "created_time": "2026-02-06T18:38:33.484088Z", "no_price": 75, "no_price_dollars": "0.7500", "price": 0.25, "taker_side": "yes", "ticker": "KXINX-26FEB06H1600-B6937", "trade_id": "f82c91df-5822-7a87-d53b-512ff951939c", "yes_price": 25, "yes_price_dollars": "0.2500"}
{"count": 6, "count_fp": "6.00", "created_time": "2026-02-06T18:38:32.668984Z", "no_price": 76, "no_price_dollars": "0.7600", "price": 0.24, "taker_side": "yes", "ticker": "KXINX-26FEB06H1600-B6937", "trade_id": "876bb42e-a8b0-77a6-c707-f275a95cbea6", "yes_price": 24, "yes_price_dollars": "0.2400"}
{"count": 25, "count_fp": "25.00", "created_time": "2026-02-06T18:35:31.250235Z", "no_price": 80, "no_price_dollars": "0.8000", "price": 0.2, "taker_side": "no", "ticker": "KXINX-26FEB06H1600-B6937", "trade_id": "fd447fcd-9769-662c-3375-41e0036b7db6", "yes_price": 20, "yes_price_dollars": "0.2000"}
{"count": 58, "count_fp": "58.00", "created_time": "2026-02-06T18:21:55.784229Z", "no_price": 75, "no_price_dollars": "0.7500", "price": 0.25, "taker_side": "no", "ticker": "KXINX-26FEB06H1600-B6937", "trade_id": "3e5e8aad-96b4-5b67-7a0b-c7b84f27a142", "yes_price": 25, "yes_price_dollars": "0.2500"}
{"count": 13, "count_fp": "13.00", "created_time": "2026-02-06T18:17:18.408438Z", "no_price": 80, "no_price_dollars": "0.8000", "price": 0.2, "taker_side": "yes", "ticker": "KXINX-26FEB06H1600-B6937", "trade_id": "849bda0b-b3d5-7b89-f280-dbdd7ad861b0", "yes_price": 20, "yes_price_dollars": "0.2000"}
{"count": 225, "count_fp": "225.00", "created_time": "2026-02-06T18:17:18.408438Z", "no_price": 80, "no_price_dollars": "0.8000", "price": 0.2, "taker_side": "yes", "ticker": "KXINX-26FEB06H1600-B6937", "trade_id": "2515cf0a-da22-7783-d5b5-69c115ead36e", "yes_price": 20, "yes_price_dollars": "0.2000"}
{"count": 25, "count_fp": "25.00", "created_time": "2026-02-06T18:17:12.236736Z", "no_price": 80, "no_price_dollars": "0.8000", "price": 0.2, "taker_side": "no", "ticker": "KXINX-26FEB06H1600-B6937", "trade_id": "4c9ae6d3-ae7b-6457-038f-d915232edda0", "yes_price": 20, "yes_price_dollars": "0.2000"}
{"count": 3, "count_fp": "3.00", "created_time": "2026-02-06T18:12:47.661993Z", "no_price": 71, "no_price_dollars": "0.7100", "price": 0.29, "taker_side": "yes", "ticker": "KXINX-26FEB06H1600-B6937", "trade_id": "55433628-f13a-54ca-8147-75916688d2b4", "yes_price": 29, "yes_price_dollars": "0.2900"}
{"count": 500, "count_fp": "500.00", "created_time": "2026-02-06T18:09:03.862196Z", "no_price": 77, "no_price_dollars": "0.7700", "price": 0.23, "taker_side": "no", "ticker": "KXINX-26FEB06H1600-B6937", "trade_id": "5d7bddd4-a06f-51da-6c53-d93be0b9ab97", "yes_price": 23, "yes_price_dollars": "0.2300"}
{"count": 12, "count_fp": "12.00", "created_time": "2026-02-06T18:05:01.31125Z", "no_price": 69, "no_price_dollars": "0.6900", "price": 0.31, "taker_side": "yes", "ticker": "KXINX-26FEB06H1600-B6937", "trade_id": "354ec707-8c51-6b29-1ae3-6a0d7b07def9", "yes_price": 31, "yes_price_dollars": "0.3100"}
{"count": 64, "count_fp": "64.00", "created_time": "2026-02-06T18:05:01.31125Z", "no_price": 68, "no_price_dollars": "0.6800", "price": 0.32, "taker_side": "yes", "ticker": "KXINX-26FEB06H1600-B6937", "trade_id": "32abcab1-8762-61b2-19f2-f145d7c0c2f8", "yes_price": 32, "yes_price_dollars": "0.3200"}
{"count": 87, "count_fp": "87.00", "created_time": "2026-02-06T18:03:06.7583Z", "no_price": 72, "no_price_dollars": "0.7200", "price": 0.28, "taker_side": "yes", "ticker": "KXINX-26FEB06H1600-B6937", "trade_id": "112e7cf4-9256-4c56-4fbe-44979dd5ab28", "yes_price": 28, "yes_price_dollars": "0.2800"}
{"count": 13, "count_fp": "13.00", "created_time": "2026-02-06T18:01:12.678794Z", "no_price": 73, "no_price_dollars": "0.7300", "price": 0.27, "taker_side": "yes", "ticker": "KXINX-26FEB06H1600-B6937", "trade_id": "c0d6501d-9c22-6322-2d76-43efa332bb40", "yes_price": 27, "yes_price_dollars": "0.2700"}
{"count": 12, "count_fp": "12.00", "created_time": "2026-02-06T18:01:12.678794Z", "no_price": 74, "no_price_dollars": "0.7400", "price": 0.26, "taker_side": "yes", "ticker": "KXINX-26FEB06H1600-B6937", "trade_id": "4db83c63-874b-6b50-16e5-b284bc454b08", "yes_price": 26, "yes_price_dollars": "0.2600"}
{"count": 199, "count_fp": "199.00", "created_time": "2026-02-06T18:00:13.482724Z", "no_price": 78, "no_price_dollars": "0.7800", "price": 0.22, "taker_side": "yes", "ticker": "KXINX-26FEB06H1600-B6937", "trade_id": "e35ef4ed-6d84-7ab4-fcb4-e4a9cd27cf05", "yes_price": 22, "yes_price_dollars": "0.2200"}
{"count": 13, "count_fp": "13.00", "created_time": "2026-02-06T18:00:13.482724Z", "no_price": 78, "no_price_dollars": "0.7800", "price": 0.22, "taker_side": "yes", "ticker": "KXINX-26FEB06H1600-B6937", "trade_id": "a3edac5d-a058-750a-fabd-6c609d4126c4", "yes_price": 22, "yes_price_dollars": "0.2200"}
{"count": 25, "count_fp": "25.00", "created_time": "2026-02-06T18:00:10.388026Z", "no_price": 78, "no_price_dollars": "0.7800", "price": 0.22, "taker_side": "yes", "ticker": "KXINX-26FEB06H1600-B6937", "trade_id": "c6d9a4a2-a8b0-648c-5a4f-4aef0ffb4b51", "yes_price": 22, "yes_price_dollars": "0.2200"}
{"count": 4, "count_fp": "4.00", "created_time": "2026-02-06T17:59:47.988909Z", "no_price": 76, "no_price_dollars": "0.7600", "price": 0.24, "taker_side": "yes", "ticker": "KXINX-26FEB06H1600-B6937", "trade_id": "44277111-4f68-4408-d5ea-b3b729b3bfa9", "yes_price": 24, "yes_price_dollars": "0.2400"}
{"count": 11, "count_fp": "11.00", "created_time": "2026-02-06T17:59:16.380451Z", "no_price": 77, "no_price_dollars": "0.7700", "price": 0.23, "taker_side": "yes", "ticker": "KXINX-26FEB06H1600-B6937", "trade_id": "bf271dbf-f12e-7e2f-c2b7-334c9b73adb9", "yes_price": 23, "yes_price_dollars": "0.2300"}
{"count": 11, "count_fp": "11.00", "created_time": "2026-02-06T17:59:01.447672Z", "no_price": 77, "no_price_dollars": "0.7700", "price": 0.23, "taker_side": "yes", "ticker": "KXINX-26FEB06H1600-B6937", "trade_id": "6c248849-15d4-75f8-f41e-d5878abd2047", "yes_price": 23, "yes_price_dollars": "0.2300"}
{"count": 22, "count_fp": "22.00", "created_time": "2026-02-06T17:58:48.751852Z", "no_price": 76, "no_price_dollars": "0.7600", "price": 0.24, "taker_side": "no", "ticker": "KXINX-26FEB06H1600-B6937", "trade_id": "d36f6c99-63d2-5d7e-beb5-4b5326f1858b", "yes_price": 24, "yes_price_dollars": "0.2400"}
{"count": 33, "count_fp": "33.00", "created_time": "2026-02-06T17:52:10.889327Z", "no_price": 73, "no_price_dollars": "0.7300", "price": 0.27, "taker_side": "no", "ticker": "KXINX-26FEB06H1600-B6937", "trade_id": "b3c9af16-6acd-5708-cbb1-7cd021cc9936", "yes_price": 27, "yes_price_dollars": "0.2700"}
{"count": 1, "count_fp": "1.00", "created_time": "2026-02-06T17:52:02.676992Z", "no_price": 73, "no_price_dollars": "0.7300", "price": 0.27, "taker_side": "yes", "ticker": "KXINX-26FEB06H1600-B6937", "trade_id": "ddb1df14-9a6e-7e64-f9ac-1bfa32f8c8ae", "yes_price": 27, "yes_price_dollars": "0.2700"}
{"count": 30, "count_fp": "30.00", "created_time": "2026-02-06T17:51:36.897767Z", "no_price": 74, "no_price_dollars": "0.7400", "price": 0.26, "taker_side": "yes", "ticker": "KXINX-26FEB06H1600-B6937", "trade_id": "ea4c9423-22ce-4e32-f875-d353f1bfbf48", "yes_price": 26, "yes_price_dollars": "0.2600"}
{"count": 64, "count_fp": "64.00", "created_time": "2026-02-06T17:50:13.182435Z", "no_price": 75, "no_price_dollars": "0.7500", "price": 0.25, "taker_side": "yes", "ticker": "KXINX-26FEB06H1600-B6937", "trade_id": "f2fa89a7-a54e-7a06-11f4-0e47aa8f3f94", "yes_price": 25, "yes_price_dollars": "0.2500"}
{"count": 36, "count_fp": "36.00", "created_time": "2026-02-06T17:50:13.182435Z", "no_price": 77, "no_price_dollars": "0.7700", "price": 0.23, "taker_side": "yes", "ticker": "KXINX-26FEB06H1600-B6937", "trade_id": "e515ba84-e1bb-7e93-2314-212632369e45", "yes_price": 23, "yes_price_dollars": "0.2300"}
{"count": 400, "count_fp": "400.00", "created_time": "2026-02-06T17:49:01.129307Z", "no_price": 79, "no_price_dollars": "0.7900", "price": 0.21, "taker_side": "yes", "ticker": "KXINX-26FEB06H1600-B6937", "trade_id": "26d979eb-7181-75e4-d4f2-fefdb48f50ea", "yes_price": 21, "yes_price_dollars": "0.2100"}
{"count": 4, "count_fp": "4.00", "created_time": "2026-02-06T17:48:02.178619Z", "no_price": 80, "no_price_dollars": "0.8000", "price": 0.2, "taker_side": "yes", "ticker": "KXINX-26FEB06H1600-B6937", "trade_id": "86a73df5-234b-7452-ce85-2307cdfd6399", "yes_price": 20, "yes_price_dollars": "0.2000"}
{"count": 4, "count_fp": "4.00", "created_time": "2026-02-06T17:47:49.978462Z", "no_price": 80, "no_price_dollars": "0.8000", "price": 0.2, "taker_side": "yes", "ticker": "KXINX-26FEB06H1600-B6937", "trade_id": "93b15e7e-c34b-41a6-1e93-d6c4b2c5d649", "yes_price": 20, "yes_price_dollars": "0.2000"}
{"count": 100, "count_fp": "100.00", "created_time": "2026-02-06T17:45:50.072932Z", "no_price": 82, "no_price_dollars": "0.8200", "price": 0.18, "taker_side": "yes", "ticker": "KXINX-26FEB06H1600-B6937", "trade_id": "5783335c-b3dd-7b7d-c55f-6b20af8ce0c7", "yes_price": 18, "yes_price_dollars": "0.1800"}
{"count": 9, "count_fp": "9.00", "created_time": "2026-02-06T17:45:20.61833Z", "no_price": 83, "no_price_dollars": "0.8300", "price": 0.17, "taker_side": "yes", "ticker": "KXINX-26FEB06H1600-B6937", "trade_id": "479b46c5-e752-72dd-c765-08ccb4ebd639", "yes_price": 17, "yes_price_dollars": "0.1700"}
{"count": 500, "count_fp": "500.00", "created_time": "2026-02-06T17:38:50.653551Z", "no_price": 86, "no_price_dollars": "0.8600", "price": 0.14, "taker_side": "no", "ticker": "KXINX-26FEB06H1600-B6937", "trade_id": "715930f1-0f1f-500b-5d5a-432438db4e38", "yes_price": 14, "yes_price_dollars": "0.1400"}
{"count": 17, "count_fp": "17.00", "created_time": "2026-02-06T17:35:51.633684Z", "no_price": 83, "no_price_dollars": "0.8300", "price": 0.17, "taker_side": "no", "ticker": "KXINX-26FEB06H1600-B6937", "trade_id": "8c103def-a36c-565c-6c57-6655c20f6be5", "yes_price": 17, "yes_price_dollars": "0.1700"}
{"count": 1, "count_fp": "1.00", "created_time": "2026-02-06T17:34:41.713321Z", "no_price": 81, "no_price_dollars": "0.8100", "price": 0.19, "taker_side": "no", "ticker": "KXINX-26FEB06H1600-B6937", "trade_id": "e8ecd780-358d-64a4-f1b6-de36b3fde5a2", "yes_price": 19, "yes_price_dollars": "0.1900"}
{"count": 400, "count_fp": "400.00", "created_time": "2026-02-06T17:32:50.126656Z", "no_price": 80, "no_price_dollars": "0.8000", "price": 0.2, "taker_side": "yes", "ticker": "KXINX-26FEB06H1600-B6937", "trade_id": "407c1d32-37e5-7f93-c5f9-dc4c525c5d6a", "yes_price": 20, "yes_price_dollars": "0.2000"}
{"count": 146, "count_fp": "146.00", "created_time": "2026-02-06T17:30:05.693659Z", "no_price": 82, "no_price_dollars": "0.8200", "price": 0.18, "taker_side": "yes", "ticker": "KXINX-26FEB06H1600-B6937", "trade_id": "74a60026-a983-793b-f760-b2710e39ea1e", "yes_price": 18, "yes_price_dollars": "0.1800"}
{"count": 488, "count_fp": "488.00", "created_time": "2026-02-06T17:27:51.533171Z", "no_price": 84, "no_price_dollars": "0.8400", "price": 0.16, "taker_side": "yes", "ticker": "KXINX-26FEB06H1600-B6937", "trade_id": "4da987e2-b74b-75c4-fb21-60f1ce7bd1e4", "yes_price": 16, "yes_price_dollars": "0.1600"}
{"count": 12, "count_fp": "12.00", "created_time": "2026-02-06T17:25:04.012825Z", "no_price": 84, "no_price_dollars": "0.8400", "price": 0.16, "taker_side": "yes", "ticker": "KXINX-26FEB06H1600-B6937", "trade_id": "06f8c17e-a59f-567c-f166-f37cf3666ac8", "yes_price": 16, "yes_price_dollars": "0.1600"}
{"count": 500, "count_fp": "500.00", "created_time": "2026-02-06T17:19:05.166924Z", "no_price": 86, "no_price_dollars": "0.8600", "price": 0.14, "taker_side": "yes", "ticker": "KXINX-26FEB06H1600-B6937", "trade_id": "c504b2c2-a80d-7580-ffd3-6f1579b9c971", "yes_price": 14, "yes_price_dollars": "0.1400"}
{"count": 54, "count_fp": "54.00", "created_time": "2026-02-06T17:09:22.673881Z", "no_price": 82, "no_price_dollars": "0.8200", "price": 0.18, "taker_side": "yes", "ticker": "KXINX-26FEB06H1600-B6937", "trade_id": "1b3dd53e-c8bf-5033-e21a-fffb942775ca", "yes_price": 18, "yes_price_dollars": "0.1800"}
{"count": 2, "count_fp": "2.00", "created_time": "2026-02-06T17:08:01.528141Z", "no_price": 83, "no_price_dollars": "0.8300", "price": 0.17, "taker_side": "yes", "ticker": "KXINX-26FEB06H1600-B6937", "trade_id": "c3b72076-b3e2-7e3f-f3bb-8a91a694f661", "yes_price": 17, "yes_price_dollars": "0.1700"}
{"count": 3, "count_fp": "3.00", "created_time": "2026-02-06T17:07:17.396594Z", "no_price": 86, "no_price_dollars": "0.8600", "price": 0.14, "taker_side": "yes", "ticker": "KXINX-26FEB06H1600-B6937", "trade_id": "fea41229-e7a8-7ad3-d218-50aa4ce8bedf", "yes_price": 14, "yes_price_dollars": "0.1400"}
{"count": 31, "count_fp": "31.00", "created_time": "2026-02-06T17:07:17.396594Z", "no_price": 86, "no_price_dollars": "0.8600", "price": 0.14, "taker_side": "yes", "ticker": "KXINX-26FEB06H1600-B6937", "trade_id": "9a36baa4-2be8-7701-f04e-0b26787b7707", "yes_price": 14, "yes_price_dollars": "0.1400"}
{"count": 100, "count_fp": "100.00", "created_time": "2026-02-06T17:07:17.396594Z", "no_price": 86, "no_price_dollars": "0.8600", "price": 0.14, "taker_side": "yes", "ticker": "KXINX-26FEB06H1600-B6937", "trade_id": "26b62093-0b8b-73c8-dffc-c66b3abf1819", "yes_price": 14, "yes_price_dollars": "0.1400"}
{"count": 100, "count_fp": "100.00", "created_time": "2026-02-06T16:58:13.774579Z", "no_price": 87, "no_price_dollars": "0.8700", "price": 0.13, "taker_side": "no", "ticker": "KXINX-26FEB06H1600-B6937", "trade_id": "b8201d2e-6a97-7726-a523-36ba78684984", "yes_price": 13, "yes_price_dollars": "0.1300"}
{"count": 69, "count_fp": "69.00", "created_time": "2026-02-06T16:53:30.93222Z", "no_price": 86, "no_price_dollars": "0.8600", "price": 0.14, "taker_side": "yes", "ticker": "KXINX-26FEB06H1600-B6937", "trade_id": "f2210ded-9ed8-7679-12f0-92be911a4203", "yes_price": 14, "yes_price_dollars": "0.1400"}
{"count": 27, "count_fp": "27.00", "created_time": "2026-02-06T16:23:54.396498Z", "no_price": 89, "no_price_dollars": "0.8900", "price": 0.11, "taker_side": "no", "ticker": "KXINX-26FEB06H1600-B6937", "trade_id": "13d18c91-3d0d-5a6d-f900-0e9d7e1ea8c2", "yes_price": 11, "yes_price_dollars": "0.1100"}
{"count": 5, "count_fp": "5.00", "created_time": "2026-02-06T16:21:44.222186Z", "no_price": 87, "no_price_dollars": "0.8700", "price": 0.13, "taker_side": "no", "ticker": "KXINX-26FEB06H1600-B6937", "trade_id": "e2bc7f4f-ab8d-4611-3083-d88c3c39ed36", "yes_price": 13, "yes_price_dollars": "0.1300"}
{"count": 6, "count_fp": "6.00", "created_time": "2026-02-06T16:16:23.727494Z", "no_price": 84, "no_price_dollars": "0.8400", "price": 0.16, "taker_side": "yes", "ticker": "KXINX-26FEB06H1600-B6937", "trade_id": "1e689dc8-061d-4b01-02fe-b5a9554bad0d", "yes_price": 16, "yes_price_dollars": "0.1600"}
{"count": 20, "count_fp": "20.00", "created_time": "2026-02-06T16:11:20.207854Z", "no_price": 85, "no_price_dollars": "0.8500", "price": 0.15, "taker_side": "no", "ticker": "KXINX-26FEB06H1600-B6937", "trade_id": "90ef9aa6-325c-65a7-739b-fddcc0488909", "yes_price": 15, "yes_price_dollars": "0.1500"}
{"count": 20, "count_fp": "20.00", "created_time": "2026-02-06T16:10:20.189118Z", "no_price": 87, "no_price_dollars": "0.8700", "price": 0.13, "taker_side": "no", "ticker": "KXINX-26FEB06H1600-B6937", "trade_id": "d31c41f5-ad97-6653-bd30-ef545a112906", "yes_price": 13, "yes_price_dollars": "0.1300"}
{"count": 80, "count_fp": "80.00", "created_time": "2026-02-06T16:10:20.189118Z", "no_price": 88, "no_price_dollars": "0.8800", "price": 0.12, "taker_side": "no", "ticker": "KXINX-26FEB06H1600-B6937", "trade_id": "a565812f-d73d-6469-a4ac-b170c118fed6", "yes_price": 12, "yes_price_dollars": "0.1200"}
{"count": 12, "count_fp": "12.00", "created_time": "2026-02-06T15:42:36.626178Z", "no_price": 87, "no_price_dollars": "0.8700", "price": 0.13, "taker_side": "yes", "ticker": "KXINX-26FEB06H1600-B6937", "trade_id": "31e82b33-e7cf-40ab-4ee6-118bb5b2f2cd", "yes_price": 13, "yes_price_dollars": "0.1300"}
{"count": 23, "count_fp": "23.00", "created_time": "2026-02-06T15:33:37.286799Z", "no_price": 88, "no_price_dollars": "0.8800", "price": 0.12, "taker_side": "yes", "ticker": "KXINX-26FEB06H1600-B6937", "trade_id": "db4698b4-c70c-6f13-e9e4-94c1bff6b009", "yes_price": 12, "yes_price_dollars": "0.1200"}
{"count": 20, "count_fp": "20.00", "created_time": "2026-02-06T15:25:19.239147Z", "no_price": 93, "no_price_dollars": "0.9300", "price": 0.07, "taker_side": "yes", "ticker": "KXINX-26FEB06H1600-B6937", "trade_id": "cf2832c4-7826-6b26-d2df-c1ca399fb0bd", "yes_price": 7, "yes_price_dollars": "0.0700"}
{"count": 92, "count_fp": "92.00", "created_time": "2026-02-06T15:22:58.668818Z", "no_price": 86, "no_price_dollars": "0.8600", "price": 0.14, "taker_side": "yes", "ticker": "KXINX-26FEB06H1600-B6937", "trade_id": "c5f14b55-b990-53a3-e793-e81117d7addd", "yes_price": 14, "yes_price_dollars": "0.1400"}
{"count": 33, "count_fp": "33.00", "created_time": "2026-02-06T15:22:58.668818Z", "no_price": 86, "no_price_dollars": "0.8600", "price": 0.14, "taker_side": "yes", "ticker": "KXINX-26FEB06H1600-B6937", "trade_id": "6b6e18cd-5719-5741-ee09-ffc981848210", "yes_price": 14, "yes_price_dollars": "0.1400"}
{"count": 287, "count_fp": "287.00", "created_time": "2026-02-06T15:09:19.906112Z", "no_price": 94, "no_price_dollars": "0.9400", "price": 0.06, "taker_side": "no", "ticker": "KXINX-26FEB06H1600-B6937", "trade_id": "a1bd3fb0-9e15-66ed-14f4-e5ff4214ebe7", "yes_price": 6, "yes_price_dollars": "0.0600"}
{"count": 142, "count_fp": "142.00", "created_time": "2026-02-06T14:57:39.84384Z", "no_price": 92, "no_price_dollars": "0.9200", "price": 0.08, "taker_side": "no", "ticker": "KXINX-26FEB06H1600-B6937", "trade_id": "8f90f036-033d-7deb-3a5d-d077d049df6a", "yes_price": 8, "yes_price_dollars": "0.0800"}
{"count": 109, "count_fp": "109.00", "created_time": "2026-02-06T14:50:29.81513Z", "no_price": 88, "no_price_dollars": "0.8800", "price": 0.12, "taker_side": "no", "ticker": "KXINX-26FEB06H1600-B6937", "trade_id": "c3d8c12a-95cd-5643-e630-c6f07bb2819e", "yes_price": 12, "yes_price_dollars": "0.1200"}
{"count": 46, "count_fp": "46.00", "created_time": "2026-02-06T14:50:29.81513Z", "no_price": 88, "no_price_dollars": "0.8800", "price": 0.12, "taker_side": "no", "ticker": "KXINX-26FEB06H1600-B6937", "trade_id": "39cb8c65-98f1-5d49-dead-972afe72521a", "yes_price": 12, "yes_price_dollars": "0.1200"}
{"count": 20, "count_fp": "20.00", "created_time": "2026-02-06T14:38:05.563021Z", "no_price": 90, "no_price_dollars": "0.9000", "price": 0.1, "taker_side": "yes", "ticker": "KXINX-26FEB06H1600-B6937", "trade_id": "4116f027-de02-7c2a-1e3d-01ea6573936a", "yes_price": 10, "yes_price_dollars": "0.1000"}
{"count": 2, "count_fp": "2.00", "created_time": "2026-02-06T14:35:27.827132Z", "no_price": 93, "no_price_dollars": "0.9300", "price": 0.07, "taker_side": "no", "ticker": "KXINX-26FEB06H1600-B6937", "trade_id": "bd527682-e6f0-429e-a8db-769b57b979e0", "yes_price": 7, "yes_price_dollars": "0.0700"}
{"count": 4, "count_fp": "4.00", "created_time": "2026-02-06T14:34:05.926644Z", "no_price": 92, "no_price_dollars": "0.9200", "price": 0.08, "taker_side": "no", "ticker": "KXINX-26FEB06H1600-B6937", "trade_id": "babc57b7-1450-404e-08f0-e29088169d38", "yes_price": 8, "yes_price_dollars": "0.0800"}
{"count": 26, "count_fp": "26.00", "created_time": "2026-02-06T14:33:10.131737Z", "no_price": 93, "no_price_dollars": "0.9300", "price": 0.07, "taker_side": "yes", "ticker": "KXINX-26FEB06H1600-B6937", "trade_id": "cc4c422e-2ca3-75ee-2cbc-7598c458fd79", "yes_price": 7, "yes_price_dollars": "0.0700"}
{"count": 11, "count_fp": "11.00", "created_time": "2026-02-06T12:58:09.599279Z", "no_price": 98, "no_price_dollars": "0.9800", "price": 0.02, "taker_side": "yes", "ticker": "KXINX-26FEB06H1600-B6937", "trade_id": "cfad1303-b046-7091-1e63-ba81bfeb7ff6", "yes_price": 2, "yes_price_dollars": "0.0200"}
{"count": 19, "count_fp": "19.00", "created_time": "2026-02-06T12:57:52.114662Z", "no_price": 98, "no_price_dollars": "0.9800", "price": 0.02, "taker_side": "yes", "ticker": "KXINX-26FEB06H1600-B6937", "trade_id": "e08b6b84-240e-6f98-bc2d-1a6787250f0f", "yes_price": 2, "yes_price_dollars": "0.0200"}
{"count": 20, "count_fp": "20.00", "created_time": "2026-02-06T12:57:52.114662Z", "no_price": 98, "no_price_dollars": "0.9800", "price": 0.02, "taker_side": "yes", "ticker": "KXINX-26FEB06H1600-B6937", "trade_id": "9de91dcb-67c9-6b11-9327-11d1352403e0", "yes_price": 2, "yes_price_dollars": "0.0200"}
{"count": 9, "count_fp": "9.00", "created_time": "2026-02-06T12:57:52.114662Z", "no_price": 98, "no_price_dollars": "0.9800", "price": 0.02, "taker_side": "yes", "ticker": "KXINX-26FEB06H1600-B6937", "trade_id": "2c608e4c-5c7e-6a81-9055-2cadbdc8f046", "yes_price": 2, "yes_price_dollars": "0.0200"}
{"count": 1, "count_fp": "1.00", "created_time": "2026-02-06T11:41:03.911099Z", "no_price": 98, "no_price_dollars": "0.9800", "price": 0.02, "taker_side": "yes", "ticker": "KXINX-26FEB06H1600-B6937", "trade_id": "33cbe1a1-cb2a-6c14-4e53-c0ac6640b4ff", "yes_price": 2, "yes_price_dollars": "0.0200"}
{"count": 20, "count_fp": "20.00", "created_time": "2026-02-06T02:06:41.206807Z", "no_price": 85, "no_price_dollars": "0.8500", "price": 0.15, "taker_side": "yes", "ticker": "KXINX-26FEB06H1600-B6937", "trade_id": "b50ced26-ff83-7d2b-2460-58c138334923", "yes_price": 15, "yes_price_dollars": "0.1500"}
{"count": 64, "count_fp": "64.00", "created_time": "2026-02-06T02:06:41.206807Z", "no_price": 77, "no_price_dollars": "0.7700", "price": 0.23, "taker_side": "yes", "ticker": "KXINX-26FEB06H1600-B6937", "trade_id": "8fbb50c5-9503-7b1b-0782-3f184037783d", "yes_price": 23, "yes_price_dollars": "0.2300"}
{"count": 30, "count_fp": "30.00", "created_time": "2026-02-06T02:06:41.206807Z", "no_price": 78, "no_price_dollars": "0.7800", "price": 0.22, "taker_side": "yes", "ticker": "KXINX-26FEB06H1600-B6937", "trade_id": "2a168189-4edb-7592-0e94-6fb376632f83", "yes_price": 22, "yes_price_dollars": "0.2200"}
{"count": 10, "count_fp": "10.00", "created_time": "2026-02-06T20:57:59.488709Z", "no_price": 98, "no_price_dollars": "0.9800", "price": 0.02, "taker_side": "yes", "ticker": "KXINX-26FEB06H1600-B6912", "trade_id": "b34a1f35-31d5-4175-9644-f393deef5adf", "yes_price": 2, "yes_price_dollars": "0.0200"}
{"count": 418, "count_fp": "418.00", "created_time": "2026-02-06T20:56:33.801444Z", "no_price": 95, "no_price_dollars": "0.9500", "price": 0.05, "taker_side": "no", "ticker": "KXINX-26FEB06H1600-B6912", "trade_id": "abdccaa3-328e-7d01-44e5-7d2aedd47411", "yes_price": 5, "yes_price_dollars": "0.0500"}
{"count": 16, "count_fp": "16.00", "created_time": "2026-02-06T20:56:04.428232Z", "no_price": 95, "no_price_dollars": "0.9500", "price": 0.05, "taker_side": "no", "ticker": "KXINX-26FEB06H1600-B6912", "trade_id": "ae20bb18-2e4a-64e9-6a72-bc9d5bb8e9a5", "yes_price": 5, "yes_price_dollars": "0.0500"}
{"count": 36, "count_fp": "36.00", "created_time": "2026-02-06T20:55:51.249169Z", "no_price": 95, "no_price_dollars": "0.9500", "price": 0.05, "taker_side": "yes", "ticker": "KXINX-26FEB06H1600-B6912", "trade_id": "2152cb04-dc27-67f0-78d3-e13a72e6aae2", "yes_price": 5, "yes_price_dollars": "0.0500"}
{"count": 40, "count_fp": "40.00", "created_time": "2026-02-06T20:54:50.355524Z", "no_price": 99, "no_price_dollars": "0.9900", "price": 0.01, "taker_side": "no", "ticker": "KXINX-26FEB06H1600-B6912", "trade_id": "0ca92ed9-0fc7-678d-1e8e-fa6cc7199b02", "yes_price": 1, "yes_price_dollars": "0.0100"}
{"count": 52, "count_fp": "52.00", "created_time": "2026-02-06T20:54:27.219781Z", "no_price": 96, "no_price_dollars": "0.9600", "price": 0.04, "taker_side": "yes", "ticker": "KXINX-26FEB06H1600-B6912", "trade_id": "0cf1a57f-21ab-535c-eb4f-524905ab8960", "yes_price": 4, "yes_price_dollars": "0.0400"}
{"count": 44, "count_fp": "44.00", "created_time": "2026-02-06T20:53:15.138603Z", "no_price": 95, "no_price_dollars": "0.9500", "price": 0.05, "taker_side": "yes", "ticker": "KXINX-26FEB06H1600-B6912", "trade_id": "fb5d6523-5a7f-4a29-5cf3-2ed636d13c75", "yes_price": 5, "yes_price_dollars": "0.0500"}
{"count": 12, "count_fp": "12.00", "created_time": "2026-02-06T20:53:15.138603Z", "no_price": 95, "no_price_dollars": "0.9500", "price": 0.05, "taker_side": "yes", "ticker": "KXINX-26FEB06H1600-B6912", "trade_id": "1967a450-f853-4bf0-5a3c-1e6993b6267c", "yes_price": 5, "yes_price_dollars": "0.0500"}
{"count": 10, "count_fp": "10.00", "created_time": "2026-02-06T20:52:05.038124Z", "no_price": 96, "no_price_dollars": "0.9600", "price": 0.04, "taker_side": "yes", "ticker": "KXINX-26FEB06H1600-B6912", "trade_id": "806fb003-da76-69fc-1e56-e2d0b7e4eeaa", "yes_price": 4, "yes_price_dollars": "0.0400"}
{"count": 198, "count_fp": "198.00", "created_time": "2026-02-06T20:51:39.835484Z", "no_price": 99, "no_price_dollars": "0.9900", "price": 0.01, "taker_side": "no", "ticker": "KXINX-26FEB06H1600-B6912", "trade_id": "dc9ef216-caa4-5ae8-1a44-9e095fcbeb40", "yes_price": 1, "yes_price_dollars": "0.0100"}
{"count": 302, "count_fp": "302.00", "created_time": "2026-02-06T20:51:39.835484Z", "no_price": 99, "no_price_dollars": "0.9900", "price": 0.01, "taker_side": "no", "ticker": "KXINX-26FEB06H1600-B6912", "trade_id": "b52ce2ae-526f-582d-16d1-7eb1417835ec", "yes_price": 1, "yes_price_dollars": "0.0100"}
{"count": 48, "count_fp": "48.00", "created_time": "2026-02-06T20:51:30.967031Z", "no_price": 98, "no_price_dollars": "0.9800", "price": 0.02, "taker_side": "no", "ticker": "KXINX-26FEB06H1600-B6912", "trade_id": "8ba5949a-5f1f-5b4d-bd7d-93b1a45b8d08", "yes_price": 2, "yes_price_dollars": "0.0200"}
{"count": 1204, "count_fp": "1204.00", "created_time": "2026-02-06T20:50:45.92388Z", "no_price": 95, "no_price_dollars": "0.9500", "price": 0.05, "taker_side": "no", "ticker": "KXINX-26FEB06H1600-B6912", "trade_id": "4cdf7246-1e0b-7421-f613-cf01165cb490", "yes_price": 5, "yes_price_dollars": "0.0500"}
{"count": 63, "count_fp": "63.00", "created_time": "2026-02-06T20:50:45.355165Z", "no_price": 95, "no_price_dollars": "0.9500", "price": 0.05, "taker_side": "no", "ticker": "KXINX-26FEB06H1600-B6912", "trade_id": "20bf8751-8697-44d5-3587-b44f80c581b8", "yes_price": 5, "yes_price_dollars": "0.0500"}
{"count": 35, "count_fp": "35.00", "created_time": "2026-02-06T20:50:32.958708Z", "no_price": 90, "no_price_dollars": "0.9000", "price": 0.1, "taker_side": "no", "ticker": "KXINX-26FEB06H1600-B6912", "trade_id": "c74a402a-25fe-7f5d-a3be-84cc1fa6d41f", "yes_price": 10, "yes_price_dollars": "0.1000"}
{"count": 26, "count_fp": "26.00", "created_time": "2026-02-06T20:50:32.958708Z", "no_price": 92, "no_price_dollars": "0.9200", "price": 0.08, "taker_side": "no", "ticker": "KXINX-26FEB06H1600-B6912", "trade_id": "983eebae-44bb-76d7-aef6-ae04a418f4e0", "yes_price": 8, "yes_price_dollars": "0.0800"}
{"count": 5, "count_fp": "5.00", "created_time": "2026-02-06T20:50:32.958708Z", "no_price": 93, "no_price_dollars": "0.9300", "price": 0.07, "taker_side": "no", "ticker": "KXINX-26FEB06H1600-B6912", "trade_id": "865d16c9-89d0-7f28-864d-6e81e637ad09", "yes_price": 7, "yes_price_dollars": "0.0700"}
{"count": 157, "count_fp": "157.00", "created_time": "2026-02-06T20:50:32.958708Z", "no_price": 92, "no_price_dollars": "0.9200", "price": 0.08, "taker_side": "no", "ticker": "KXINX-26FEB06H1600-B6912", "trade_id": "84e61ca7-431c-70e4-bd20-385047bb8f31", "yes_price": 8, "yes_price_dollars": "0.0800"}
{"count": 53, "count_fp": "53.00", "created_time": "2026-02-06T20:50:32.958708Z", "no_price": 93, "no_price_dollars": "0.9300", "price": 0.07, "taker_side": "no", "ticker": "KXINX-26FEB06H1600-B6912", "trade_id": "31c37478-7daf-7a31-a7ea-06518b6330bc", "yes_price": 7, "yes_price_dollars": "0.0700"}
{"count": 96, "count_fp": "96.00", "created_time": "2026-02-06T20:50:32.936924Z", "no_price": 90, "no_price_dollars": "0.9000", "price": 0.1, "taker_side": "no", "ticker": "KXINX-26FEB06H1600-B6912", "trade_id": "c7ad53f8-ced2-4119-3943-da99ba4fe9c7", "yes_price": 10, "yes_price_dollars": "0.1000"}
{"count": 19, "count_fp": "19.00", "created_time": "2026-02-06T20:50:29.253676Z", "no_price": 90, "no_price_dollars": "0.9000", "price": 0.1, "taker_side": "no", "ticker": "KXINX-26FEB06H1600-B6912", "trade_id": "8da649a1-f84e-7f29-d8fe-cd7411af1667", "yes_price": 10, "yes_price_dollars": "0.1000"}
{"count": 200, "count_fp": "200.00", "created_time": "2026-02-06T20:50:13.673217Z", "no_price": 89, "no_price_dollars": "0.8900", "price": 0.11, "taker_side": "no", "ticker": "KXINX-26FEB06H1600-B6912", "trade_id": "d614a01e-2f61-4980-c3af-12ab0480ceb3", "yes_price": 11, "yes_price_dollars": "0.1100"}
{"count": 14, "count_fp": "14.00", "created_time": "2026-02-06T20:50:10.162218Z", "no_price": 86, "no_price_dollars": "0.8600", "price": 0.14, "taker_side": "yes", "ticker": "KXINX-26FEB06H1600-B6912", "trade_id": "72e805a9-7019-5b0a-94ee-2b915350a307", "yes_price": 14, "yes_price_dollars": "0.1400"}
{"count": 159, "count_fp": "159.00", "created_time": "2026-02-06T20:50:10.162218Z", "no_price": 86, "no_price_dollars": "0.8600", "price": 0.14, "taker_side": "yes", "ticker": "KXINX-26FEB06H1600-B6912", "trade_id": "4e1809d9-42c7-5680-92ad-33232d3f6f78", "yes_price": 14, "yes_price_dollars": "0.1400"}
{"count": 3, "count_fp": "3.00", "created_time": "2026-02-06T20:49:16.784756Z", "no_price": 69, "no_price_dollars": "0.6900", "price": 0.31, "taker_side": "yes", "ticker": "KXINX-26FEB06H1600-B6912", "trade_id": "2bfa3c7c-87cf-65c8-ca88-dcb0a12c1ca4", "yes_price": 31, "yes_price_dollars": "0.3100"}
{"count": 13, "count_fp": "13.00", "created_time": "2026-02-06T20:49:02.289111Z", "no_price": 75, "no_price_dollars": "0.7500", "price": 0.25, "taker_side": "no", "ticker": "KXINX-26FEB06H1600-B6912", "trade_id": "66d35200-7e53-5746-4253-c1ee756a01e5", "yes_price": 25, "yes_price_dollars": "0.2500"}
{"count": 14, "count_fp": "14.00", "created_time": "2026-02-06T20:49:01.983113Z", "no_price": 74, "no_price_dollars": "0.7400", "price": 0.26, "taker_side": "yes", "ticker": "KXINX-26FEB06H1600-B6912", "trade_id": "b0837c3f-cbab-6d86-e979-3eaf7e547639", "yes_price": 26, "yes_price_dollars": "0.2600"}
{"count": 44, "count_fp": "44.00", "created_time": "2026-02-06T20:49:01.983113Z", "no_price": 74, "no_price_dollars": "0.7400", "price": 0.26, "taker_side": "yes", "ticker": "KXINX-26FEB06H1600-B6912", "trade_id": "43e0e787-7141-60d6-e127-3d589a633a5e", "yes_price": 26, "yes_price_dollars": "0.2600"}
{"count": 265, "count_fp": "265.00", "created_time": "2026-02-06T20:48:49.41188Z", "no_price": 78, "no_price_dollars": "0.7800", "price": 0.22, "taker_side": "no", "ticker": "KXINX-26FEB06H1600-B6912", "trade_id": "ad46ab26-49cb-67b2-45a6-b6d67898f141", "yes_price": 22, "yes_price_dollars": "0.2200"}
{"count": 28, "count_fp": "28.00", "created_time": "2026-02-06T20:48:45.994155Z", "no_price": 76, "no_price_dollars": "0.7600", "price": 0.24, "taker_side": "no", "ticker": "KXINX-26FEB06H1600-B6912", "trade_id": "c7c52308-a927-73d8-6920-174642a646f6", "yes_price": 24, "yes_price_dollars": "0.2400"}
{"count": 40, "count_fp": "40.00", "created_time": "2026-02-06T20:48:45.994155Z", "no_price": 78, "no_price_dollars": "0.7800", "price": 0.22, "taker_side": "no", "ticker": "KXINX-26FEB06H1600-B6912", "trade_id": "694b2933-a1ef-7032-79ac-2c989e073f19", "yes_price": 22, "yes_price_dollars": "0.2200"}
{"count": 38, "count_fp": "38.00", "created_time": "2026-02-06T20:48:36.767619Z", "no_price": 75, "no_price_dollars": "0.7500", "price": 0.25, "taker_side": "yes", "ticker": "KXINX-26FEB06H1600-B6912", "trade_id": "8610a0da-c1a3-5344-abd5-29e3cebe1eac", "yes_price": 25, "yes_price_dollars": "0.2500"}
{"count": 13, "count_fp": "13.00", "created_time": "2026-02-06T20:48:26.207883Z", "no_price": 77, "no_price_dollars": "0.7700", "price": 0.23, "taker_side": "yes", "ticker": "KXINX-26FEB06H1600-B6912", "trade_id": "0a9ce210-d88b-52c4-c4e5-a48e31c87108", "yes_price": 23, "yes_price_dollars": "0.2300"}
{"count": 4, "count_fp": "4.00", "created_time": "2026-02-06T20:47:57.410595Z", "no_price": 78, "no_price_dollars": "0.7800", "price": 0.22, "taker_side": "yes", "ticker": "KXINX-26FEB06H1600-B6912", "trade_id": "1be6eb45-ba13-4afc-b03b-28f35afe895c", "yes_price": 22, "yes_price_dollars": "0.2200"}
