{"count": 5, "count_fp": "5.00", "created_time": "2026-02-25T20:30:41.020561Z", "no_price": 99, "no_price_dollars": "0.9900", "price": 0.01, "taker_side": "no", "ticker": "KXINX-26FEB25H1600-B7012", "trade_id": "a07a7c77-9ddb-47be-653e-18b4edb1a8ac", "yes_price": 1, "yes_price_dollars": "0.0100"}
{"count": 5, "count_fp": "5.00", "created_time": "2026-02-25T20:30:41.020561Z", "no_price": 99, "no_price_dollars": "0.9900", "price": 0.01, "taker_side": "no", "ticker": "KXINX-26FEB25H1600-B7012", "trade_id": "57452524-3615-44b1-5844-7f489a56c0f9", "yes_price": 1, "yes_price_dollars": "0.0100"}
{"count": 5, "count_fp": "5.00", "created_time": "2026-02-25T19:30:04.928862Z", "no_price": 98, "no_price_dollars": "0.9800", "price": 0.02, "taker_side": "yes", "ticker": "KXINX-26FEB25H1600-B7012", "trade_id": "f60fddb4-dd18-5a6b-e11d-9c65d070fc1a", "yes_price": 2, "yes_price_dollars": "0.0200"}
{"count": 5, "count_fp": "5.00", "created_time": "2026-02-25T20:44:43.950219Z", "no_price": 96, "no_price_dollars": "0.9600", "price": 0.04, "taker_side": "yes", "ticker": "KXINX-26FEB25H1600-B6987", "trade_id": "bcaafd0b-6c4e-6e08-df18-a4ab1ee7f0d3", "yes_price": 4, "yes_price_dollars": "0.0400"}
{"count": 5, "count_fp": "5.00", "created_time": "2026-02-25T20:28:01.381072Z", "no_price": 97, "no_price_dollars": "0.9700", "price": 0.03, "taker_side": "yes", "ticker": "KXINX-26FEB25H1600-B6987", "trade_id": "7ceae2a4-5f3a-4f61-9ed8-f418e208c6a7", "yes_price": 3, "yes_price_dollars": "0.0300"}
{"count": 5, "count_fp": "5.00", "created_time": "2026-02-25T20:27:50.474194Z", "no_price": 97, "no_price_dollars": "0.9700", "price": 0.03, "taker_side": "yes", "ticker": "KXINX-26FEB25H1600-B6987", "trade_id": "a41d3095-34de-4c6d-1e58-5b09376beb67", "yes_price": 3, "yes_price_dollars": "0.0300"}
{"count": 1, "count_fp": "1.00", "created_time": "2026-02-25T20:27:40.311837Z", "no_price": 97, "no_price_dollars": "0.9700", "price": 0.03, "taker_side": "yes", "ticker": "KXINX-26FEB25H1600-B6987", "trade_id": "9e778847-0a18-537e-3113-70050bedbaf1", "yes_price": 3, "yes_price_dollars": "0.0300"}
{"count": 5, "count_fp": "5.00", "created_time": "2026-02-25T20:27:31.113468Z", "no_price": 97, "no_price_dollars": "0.9700", "price": 0.03, "taker_side": "yes", "ticker": "KXINX-26FEB25H1600-B6987", "trade_id": "917c3687-7924-79c2-1323-84d41728519d", "yes_price": 3, "yes_price_dollars": "0.0300"}
{"count": 5, "count_fp": "5.00", "created_time": "2026-02-25T20:27:24.504177Z", "no_price": 97, "no_price_dollars": "0.9700", "price": 0.03, "taker_side": "yes", "ticker": "KXINX-26FEB25H1600-B6987", "trade_id": "339d022a-64e4-4dba-1a4f-dd7ba99000b9", "yes_price": 3, "yes_price_dollars": "0.0300"}
{"count": 5, "count_fp": "5.00", "created_time": "2026-02-25T20:27:17.1835Z", "no_price": 97, "no_price_dollars": "0.9700", "price": 0.03, "taker_side": "yes", "ticker": "KXINX-26FEB25H1600-B6987", "trade_id": "9632e88d-8fc0-410a-6a60-f7956da8f419", "yes_price": 3, "yes_price_dollars": "0.0300"}
{"count": 5, "count_fp": "5.00", "created_time": "2026-02-25T20:27:09.820649Z", "no_price": 98, "no_price_dollars": "0.9800", "price": 0.02, "taker_side": "yes", "ticker": "KXINX-26FEB25H1600-B6987", "trade_id": "ef383be9-5915-749f-e81f-3afdf93ee9ad", "yes_price": 2, "yes_price_dollars": "0.0200"}
{"count": 5, "count_fp": "5.00", "created_time": "2026-02-25T20:00:58.158813Z", "no_price": 98, "no_price_dollars": "0.9800", "price": 0.02, "taker_side": "yes", "ticker": "KXINX-26FEB25H1600-B6987", "trade_id": "a58b83b1-9001-6b07-e480-269c03e092e1", "yes_price": 2, "yes_price_dollars": "0.0200"}
{"count": 5, "count_fp": "5.00", "created_time": "2026-02-25T19:00:27.184513Z", "no_price": 97, "no_price_dollars": "0.9700", "price": 0.03, "taker_side": "yes", "ticker": "KXINX-26FEB25H1600-B6987", "trade_id": "15b3eff4-34b0-466e-b298-81bd476d81f1", "yes_price": 3, "yes_price_dollars": "0.0300"}
{"count": 4, "count_fp": "4.00", "created_time": "2026-02-25T18:06:12.943812Z", "no_price": 96, "no_price_dollars": "0.9600", "price": 0.04, "taker_side": "yes", "ticker": "KXINX-26FEB25H1600-B6987", "trade_id": "54550a2e-4138-5a2a-d72c-fb9a494ef045", "yes_price": 4, "yes_price_dollars": "0.0400"}
{"count": 20, "count_fp": "20.00", "created_time": "2026-02-25T16:35:47.841097Z", "no_price": 96, "no_price_dollars": "0.9600", "price": 0.04, "taker_side": "yes", "ticker": "KXINX-26FEB25H1600-B6987", "trade_id": "ea0e5523-cbbe-4231-3ff8-93bbb0f7a607", "yes_price": 4, "yes_price_dollars": "0.0400"}
{"count": 584, "count_fp": "584.00", "created_time": "2026-02-25T16:35:47.841097Z", "no_price": 96, "no_price_dollars": "0.9600", "price": 0.04, "taker_side": "yes", "ticker": "KXINX-26FEB25H1600-B6987", "trade_id": "5744ba1b-3bc0-4697-2be9-cbd2eb5fa008", "yes_price": 4, "yes_price_dollars": "0.0400"}
{"count": 12, "count_fp": "12.00", "created_time": "2026-02-25T15:30:12.108241Z", "no_price": 96, "no_price_dollars": "0.9600", "price": 0.04, "taker_side": "yes", "ticker": "KXINX-26FEB25H1600-B6987", "trade_id": "83c9ed4a-c4ed-4c71-8c25-7e6615d16ea8", "yes_price": 4, "yes_price_dollars": "0.0400"}
{"count": 592, "count_fp": "592.00", "created_time": "2026-02-25T15:30:12.108241Z", "no_price": 96, "no_price_dollars": "0.9600", "price": 0.04, "taker_side": "yes", "ticker": "KXINX-26FEB25H1600-B6987", "trade_id": "44b0b9ed-243d-4418-ba15-f5dc8bd2f043", "yes_price": 4, "yes_price_dollars": "0.0400"}
{"count": 1, "count_fp": "1.00", "created_time": "2026-02-25T14:41:49.973883Z", "no_price": 95, "no_price_dollars": "0.9500", "price": 0.05, "taker_side": "no", "ticker": "KXINX-26FEB25H1600-B6987", "trade_id": "3edd0740-d88c-637d-648a-5f469ac88646", "yes_price": 5, "yes_price_dollars": "0.0500"}
{"count": 6, "count_fp": "6.00", "created_time": "2026-02-25T14:39:30.77605Z", "no_price": 95, "no_price_dollars": "0.9500", "price": 0.05, "taker_side": "no", "ticker": "KXINX-26FEB25H1600-B6987", "trade_id": "621ba3ac-feac-7900-a926-60455270dc33", "yes_price": 5, "yes_price_dollars": "0.0500"}
{"count": 15, "count_fp": "15.00", "created_time": "2026-02-25T14:39:30.77605Z", "no_price": 99, "no_price_dollars": "0.9900", "price": 0.01, "taker_side": "no", "ticker": "KXINX-26FEB25H1600-B6987", "trade_id": "348b5759-7f29-7096-9c61-26e893e1c27a", "yes_price": 1, "yes_price_dollars": "0.0100"}
{"count": 8, "count_fp": "8.00", "created_time": "2026-02-25T14:30:27.200956Z", "no_price": 96, "no_price_dollars": "0.9600", "price": 0.04, "taker_side": "yes", "ticker": "KXINX-26FEB25H1600-B6987", "trade_id": "9bf4ce31-3df5-7b01-8aa4-d970397cd53c", "yes_price": 4, "yes_price_dollars": "0.0400"}
{"count": 12, "count_fp": "12.00", "created_time": "2026-02-25T14:14:44.808255Z", "no_price": 96, "no_price_dollars": "0.9600", "price": 0.04, "taker_side": "yes", "ticker": "KXINX-26FEB25H1600-B6987", "trade_id": "f2804715-dc65-5fc3-980d-84a2c80562d9", "yes_price": 4, "yes_price_dollars": "0.0400"}
{"count": 20, "count_fp": "20.00", "created_time": "2026-02-25T20:59:21.946247Z", "no_price": 99, "no_price_dollars": "0.9900", "price": 0.01, "taker_side": "no", "ticker": "KXINX-26FEB25H1600-B6962", "trade_id": "47b25767-4223-454b-c7c9-dfd1899736b0", "yes_price": 1, "yes_price_dollars": "0.0100"}
{"count": 20, "count_fp": "20.00", "created_time": "2026-02-25T20:58:38.272607Z", "no_price": 88, "no_price_dollars": "0.8800", "price": 0.12, "taker_side": "no", "ticker": "KXINX-26FEB25H1600-B6962", "trade_id": "4f6d1f97-191b-5910-35fe-16c2b31758de", "yes_price": 12, "yes_price_dollars": "0.1200"}
{"count": 11, "count_fp": "11.00", "created_time": "2026-02-25T20:58:37.707873Z", "no_price": 87, "no_price_dollars": "0.8700", "price": 0.13, "taker_side": "no", "ticker": "KXINX-26FEB25H1600-B6962", "trade_id": "d8effd09-1c33-646c-c7ce-96701c1a0427", "yes_price": 13, "yes_price_dollars": "0.1300"}
{"count": 20, "count_fp": "20.00", "created_time": "2026-02-25T20:58:37.707873Z", "no_price": 87, "no_price_dollars": "0.8700", "price": 0.13, "taker_side": "no", "ticker": "KXINX-26FEB25H1600-B6962", "trade_id": "6d897be3-e218-6673-ff0c-a568e79194e8", "yes_price": 13, "yes_price_dollars": "0.1300"}
{"count": 2, "count_fp": "2.00", "created_time": "2026-02-25T20:58:35.989345Z", "no_price": 86, "no_price_dollars": "0.8600", "price": 0.14, "taker_side": "no", "ticker": "KXINX-26FEB25H1600-B6962", "trade_id": "63eee743-a752-6900-80f6-328f3581a680", "yes_price": 14, "yes_price_dollars": "0.1400"}
{"count": 20, "count_fp": "20.00", "created_time": "2026-02-25T20:57:49.166166Z", "no_price": 73, "no_price_dollars": "0.7300", "price": 0.27, "taker_side": "no", "ticker": "KXINX-26FEB25H1600-B6962", "trade_id": "921c9568-13fa-4de3-f4dd-4f7fc983072c", "yes_price": 27, "yes_price_dollars": "0.2700"}
{"count": 2, "count_fp": "2.00", "created_time": "2026-02-25T20:57:49.166166Z", "no_price": 73, "no_price_dollars": "0.7300", "price": 0.27, "taker_side": "no", "ticker": "KXINX-26FEB25H1600-B6962", "trade_id": "4b6e696c-e655-4a73-ffb7-4602d67e5572", "yes_price": 27, "yes_price_dollars": "0.2700"}
{"count": 2, "count_fp": "2.00", "created_time": "2026-02-25T20:56:36.543179Z", "no_price": 50, "no_price_dollars": "0.5000", "price": 0.5, "taker_side": "no", "ticker": "KXINX-26FEB25H1600-B6962", "trade_id": "a26d87a2-19df-7220-4394-589b40146122", "yes_price": 50, "yes_price_dollars": "0.5000"}
{"count": 22, "count_fp": "22.00", "created_time": "2026-02-25T20:56:29.289298Z", "no_price": 64, "no_price_dollars": "0.6400", "price": 0.36, "taker_side": "yes", "ticker": "KXINX-26FEB25H1600-B6962", "trade_id": "c4e08e31-d51e-61fa-ffa8-1857814d4f47", "yes_price": 36, "yes_price_dollars": "0.3600"}
{"count": 2, "count_fp": "2.00", "created_time": "2026-02-25T20:55:28.395347Z", "no_price": 44, "no_price_dollars": "0.4400", "price": 0.56, "taker_side": "yes", "ticker": "KXINX-26FEB25H1600-B6962", "trade_id": "8f84f6cc-69b9-5e2b-0f30-92150547afdb", "yes_price": 56, "yes_price_dollars": "0.5600"}
{"count": 14, "count_fp": "14.00", "created_time": "2026-02-25T20:55:28.395347Z", "no_price": 43, "no_price_dollars": "0.4300", "price": 0.57, "taker_side": "yes", "ticker": "KXINX-26FEB25H1600-B6962", "trade_id": "81aafc12-5e86-515c-28a5-480701c1957d", "yes_price": 57, "yes_price_dollars": "0.5700"}
{"count": 20, "count_fp": "20.00", "created_time": "2026-02-25T20:55:00.738587Z", "no_price": 64, "no_price_dollars": "0.6400", "price": 0.36, "taker_side": "no", "ticker": "KXINX-26FEB25H1600-B6962", "trade_id": "f64e6f95-e61d-777a-bca8-2fc5495ba802", "yes_price": 36, "yes_price_dollars": "0.3600"}
{"count": 10, "count_fp": "10.00", "created_time": "2026-02-25T20:55:00.738587Z", "no_price": 65, "no_price_dollars": "0.6500", "price": 0.35, "taker_side": "no", "ticker": "KXINX-26FEB25H1600-B6962", "trade_id": "39d7e709-05e7-777b-8197-562cd341ac9f", "yes_price": 35, "yes_price_dollars": "0.3500"}
{"count": 1, "count_fp": "1.00", "created_time": "2026-02-25T20:54:40.906894Z", "no_price": 57, "no_price_dollars": "0.5700", "price": 0.43, "taker_side": "no", "ticker": "KXINX-26FEB25H1600-B6962", "trade_id": "7698f037-0279-707b-9f65-0329805775c6", "yes_price": 43, "yes_price_dollars": "0.4300"}
{"count": 19, "count_fp": "19.00", "created_time": "2026-02-25T20:54:40.906894Z", "no_price": 58, "no_price_dollars": "0.5800", "price": 0.42, "taker_side": "no", "ticker": "KXINX-26FEB25H1600-B6962", "trade_id": "00f76118-e9af-7633-89fb-7f46752228b4", "yes_price": 42, "yes_price_dollars": "0.4200"}
{"count": 5, "count_fp": "5.00", "created_time": "2026-02-25T20:53:54.149808Z", "no_price": 58, "no_price_dollars": "0.5800", "price": 0.42, "taker_side": "no", "ticker": "KXINX-26FEB25H1600-B6962", "trade_id": "e65e4e65-a395-7289-3a82-9fb6ca8f5319", "yes_price": 42, "yes_price_dollars": "0.4200"}
{"count": 1, "count_fp": "1.00", "created_time": "2026-02-25T20:53:54.149808Z", "no_price": 61, "no_price_dollars": "0.6100", "price": 0.39, "taker_side": "no", "ticker": "KXINX-26FEB25H1600-B6962", "trade_id": "7f3693a8-f5a3-777b-2351-1f5b7e7f6ff4", "yes_price": 39, "yes_price_dollars": "0.3900"}
{"count": 2, "count_fp": "2.00", "created_time": "2026-02-25T20:53:54.149808Z", "no_price": 58, "no_price_dollars": "0.5800", "price": 0.42, "taker_side": "no", "ticker": "KXINX-26FEB25H1600-B6962", "trade_id": "24c94cca-b67c-7e80-0b0c-5c25b8e29559", "yes_price": 42, "yes_price_dollars": "0.4200"}
{"count": 1, "count_fp": "1.00", "created_time": "2026-02-25T20:52:52.590042Z", "no_price": 35, "no_price_dollars": "0.3500", "price": 0.65, "taker_side": "no", "ticker": "KXINX-26FEB25H1600-B6962", "trade_id": "2dbdbef5-1d7b-757c-cb24-deae1b1bde63", "yes_price": 65, "yes_price_dollars": "0.6500"}
{"count": 3, "count_fp": "3.00", "created_time": "2026-02-25T20:52:48.614682Z", "no_price": 33, "no_price_dollars": "0.3300", "price": 0.67, "taker_side": "no", "ticker": "KXINX-26FEB25H1600-B6962", "trade_id": "55db7e24-4647-43ab-c0a7-2ecf00110974", "yes_price": 67, "yes_price_dollars": "0.6700"}
{"count": 16, "count_fp": "16.00", "created_time": "2026-02-25T20:52:48.614682Z", "no_price": 34, "no_price_dollars": "0.3400", "price": 0.66, "taker_side": "no", "ticker": "KXINX-26FEB25H1600-B6962", "trade_id": "0a6dbe62-3f86-494c-d7c2-a52a69d151b9", "yes_price": 66, "yes_price_dollars": "0.6600"}
{"count": 11, "count_fp": "11.00", "created_time": "2026-02-25T20:52:43.143347Z", "no_price": 12, "no_price_dollars": "0.1200", "price": 0.88, "taker_side": "yes", "ticker": "KXINX-26FEB25H1600-B6962", "trade_id": "36876f3c-fae1-6877-b0df-ef1f9fb57b71", "yes_price": 88, "yes_price_dollars": "0.8800"}
{"count": 11, "count_fp": "11.00", "created_time": "2026-02-25T20:52:26.786614Z", "no_price": 12, "no_price_dollars": "0.1200", "price": 0.88, "taker_side": "yes", "ticker": "KXINX-26FEB25H1600-B6962", "trade_id": "c6b30ec2-ee89-419f-f3ee-c12c9c5100c1", "yes_price": 88, "yes_price_dollars": "0.8800"}
{"count": 12, "count_fp": "12.00", "created_time": "2026-02-25T20:52:26.786614Z", "no_price": 19, "no_price_dollars": "0.1900", "price": 0.81, "taker_side": "yes", "ticker": "KXINX-26FEB25H1600-B6962", "trade_id": "575638da-51fa-4b7a-c5e8-8ca16f1b72cf", "yes_price": 81, "yes_price_dollars": "0.8100"}
{"count": 1, "count_fp": "1.00", "created_time": "2026-02-25T20:51:44.572382Z", "no_price": 40, "no_price_dollars": "0.4000", "price": 0.6, "taker_side": "yes", "ticker": "KXINX-26FEB25H1600-B6962", "trade_id": "8b383f5a-ac9b-7ca7-2fcb-4908ef631b10", "yes_price": 60, "yes_price_dollars": "0.6000"}
{"count": 4, "count_fp": "4.00", "created_time": "2026-02-25T20:50:45.973721Z", "no_price": 66, "no_price_dollars": "0.6600", "price": 0.34, "taker_side": "no", "ticker": "KXINX-26FEB25H1600-B6962", "trade_id": "66ac03ec-3256-6410-4bb5-1a1b890af879", "yes_price": 34, "yes_price_dollars": "0.3400"}
{"count": 18, "count_fp": "18.00", "created_time": "2026-02-25T20:50:05.236136Z", "no_price": 42, "no_price_dollars": "0.4200", "price": 0.58, "taker_side": "yes", "ticker": "KXINX-26FEB25H1600-B6962", "trade_id": "dfcff086-da78-527a-f4b0-572f4440eee0", "yes_price": 58, "yes_price_dollars": "0.5800"}
{"count": 1, "count_fp": "1.00", "created_time": "2026-02-25T20:50:02.881387Z", "no_price": 50, "no_price_dollars": "0.5000", "price": 0.5, "taker_side": "yes", "ticker": "KXINX-26FEB25H1600-B6962", "trade_id": "ef592618-c940-6fbd-c0a4-bc151864fa8b", "yes_price": 50, "yes_price_dollars": "0.5000"}
{"count": 1, "count_fp": "1.00", "created_time": "2026-02-25T20:50:02.881387Z", "no_price": 50, "no_price_dollars": "0.5000", "price": 0.5, "taker_side": "yes", "ticker": "KXINX-26FEB25H1600-B6962", "trade_id": "656c70be-de90-6c8f-e381-424532c61cb3", "yes_price": 50, "yes_price_dollars": "0.5000"}
{"count": 1, "count_fp": "1.00", "created_time": "2026-02-25T20:50:02.881387Z", "no_price": 50, "no_price_dollars": "0.5000", "price": 0.5, "taker_side": "yes", "ticker": "KXINX-26FEB25H1600-B6962", "trade_id": "339e1d79-ec89-6404-dab6-f96c3f9752ee", "yes_price": 50, "yes_price_dollars": "0.5000"}
{"count": 1, "count_fp": "1.00", "created_time": "2026-02-25T20:50:02.881387Z", "no_price": 50, "no_price_dollars": "0.5000", "price": 0.5, "taker_side": "yes", "ticker": "KXINX-26FEB25H1600-B6962", "trade_id": "269485df-9901-6f35-c6fa-12c32ab14eac", "yes_price": 50, "yes_price_dollars": "0.5000"}
{"count": 20, "count_fp": "20.00", "created_time": "2026-02-25T20:50:01.81102Z", "no_price": 62, "no_price_dollars": "0.6200", "price": 0.38, "taker_side": "yes", "ticker": "KXINX-26FEB25H1600-B6962", "trade_id": "cad281ce-97ee-6f74-0bd5-46ca983478b0", "yes_price": 38, "yes_price_dollars": "0.3800"}
{"count": 7, "count_fp": "7.00", "created_time": "2026-02-25T20:50:01.81102Z", "no_price": 62, "no_price_dollars": "0.6200", "price": 0.38, "taker_side": "yes", "ticker": "KXINX-26FEB25H1600-B6962", "trade_id": "3b9c4b90-35ad-69b9-2ab9-774efe6af8ef", "yes_price": 38, "yes_price_dollars": "0.3800"}
{"count": 2, "count_fp": "2.00", "created_time": "2026-02-25T20:50:01.047766Z", "no_price": 63, "no_price_dollars": "0.6300", "price": 0.37, "taker_side": "yes", "ticker": "KXINX-26FEB25H1600-B6962", "trade_id": "5c58e79a-79bf-45cd-dc08-a4f0ea2299a9", "yes_price": 37, "yes_price_dollars": "0.3700"}
{"count": 20, "count_fp": "20.00", "created_time": "2026-02-25T20:48:53.878178Z", "no_price": 55, "no_price_dollars": "0.5500", "price": 0.45, "taker_side": "yes", "ticker": "KXINX-26FEB25H1600-B6962", "trade_id": "ceb4c34a-42af-4518-f274-f3f6c134cdaf", "yes_price": 45, "yes_price_dollars": "0.4500"}
{"count": 1, "count_fp": "1.00", "created_time": "2026-02-25T20:48:50.681123Z", "no_price": 56, "no_price_dollars": "0.5600", "price": 0.44, "taker_side": "yes", "ticker": "KXINX-26FEB25H1600-B6962", "trade_id": "97cf129b-2dd7-4a86-a506-365046965910", "yes_price": 44, "yes_price_dollars": "0.4400"}
{"count": 3, "count_fp": "3.00", "created_time": "2026-02-25T20:48:50.681123Z", "no_price": 56, "no_price_dollars": "0.5600", "price": 0.44, "taker_side": "yes", "ticker": "KXINX-26FEB25H1600-B6962", "trade_id": "90bbb304-a3e4-41e2-b3b0-9ebacf73912a", "yes_price": 44, "yes_price_dollars": "0.4400"}
{"count": 3, "count_fp": "3.00", "created_time": "2026-02-25T20:48:19.318267Z", "no_price": 51, "no_price_dollars": "0.5100", "price": 0.49, "taker_side": "yes", "ticker": "KXINX-26FEB25H1600-B6962", "trade_id": "ccfa65a7-27d4-6136-73cd-a75a9e0a8787", "yes_price": 49, "yes_price_dollars": "0.4900"}
{"count": 10, "count_fp": "10.00", "created_time": "2026-02-25T20:48:07.755623Z", "no_price": 58, "no_price_dollars": "0.5800", "price": 0.42, "taker_side": "yes", "ticker": "KXINX-26FEB25H1600-B6962", "trade_id": "dd30463b-38b2-5458-91bb-2305a603bab4", "yes_price": 42, "yes_price_dollars": "0.4200"}
{"count": 3, "count_fp": "3.00", "created_time": "2026-02-25T20:48:05.445252Z", "no_price": 59, "no_price_dollars": "0.5900", "price": 0.41, "taker_side": "yes", "ticker": "KXINX-26FEB25H1600-B6962", "trade_id": "4f001592-ef4a-67be-aa0e-74e4f4ae892e", "yes_price": 41, "yes_price_dollars": "0.4100"}
{"count": 20, "count_fp": "20.00", "created_time": "2026-02-25T20:48:00.164793Z", "no_price": 59, "no_price_dollars": "0.5900", "price": 0.41, "taker_side": "yes", "ticker": "KXINX-26FEB25H1600-B6962", "trade_id": "d30476d7-4191-73a3-8e4e-4275f7e5ae2b", "yes_price": 41, "yes_price_dollars": "0.4100"}
{"count": 5, "count_fp": "5.00", "created_time": "2026-02-25T20:48:00.164793Z", "no_price": 59, "no_price_dollars": "0.5900", "price": 0.41, "taker_side": "yes", "ticker": "KXINX-26FEB25H1600-B6962", "trade_id": "4ec98643-bd1a-74e0-aba8-05b57e2f7c1e", "yes_price": 41, "yes_price_dollars": "0.4100"}
{"count": 5, "count_fp": "5.00", "created_time": "2026-02-25T20:47:49.959879Z", "no_price": 69, "no_price_dollars": "0.6900", "price": 0.31, "taker_side": "no", "ticker": "KXINX-26FEB25H1600-B6962", "trade_id": "8cb8ecda-d444-48fd-a662-27091dd7bf08", "yes_price": 31, "yes_price_dollars": "0.3100"}
{"count": 19, "count_fp": "19.00", "created_time": "2026-02-25T20:47:05.886161Z", "no_price": 66, "no_price_dollars": "0.6600", "price": 0.34, "taker_side": "yes", "ticker": "KXINX-26FEB25H1600-B6962", "trade_id": "7c07ee89-838f-7be0-4dc2-7a3be95731db", "yes_price": 34, "yes_price_dollars": "0.3400"}
{"count": 2, "count_fp": "2.00", "created_time": "2026-02-25T20:47:05.886161Z", "no_price": 67, "no_price_dollars": "0.6700", "price": 0.33, "taker_side": "yes", "ticker": "KXINX-26FEB25H1600-B6962", "trade_id": "7a5f75ad-1a25-7d83-6bde-b09ea4cbd9ef", "yes_price": 33, "yes_price_dollars": "0.3300"}
{"count": 8, "count_fp": "8.00", "created_time": "2026-02-25T20:47:05.886161Z", "no_price": 66, "no_price_dollars": "0.6600", "price": 0.34, "taker_side": "yes", "ticker": "KXINX-26FEB25H1600-B6962", "trade_id": "71d048ff-a339-7dba-71ee-85989bd572ea", "yes_price": 34, "yes_price_dollars": "0.3400"}
{"count": 1, "count_fp": "1.00", "created_time": "2026-02-25T20:46:27.155486Z", "no_price": 67, "no_price_dollars": "0.6700", "price": 0.33, "taker_side": "yes", "ticker": "KXINX-26FEB25H1600-B6962", "trade_id": "9c8841af-6163-6064-41c8-7b476807db0f", "yes_price": 33, "yes_price_dollars": "0.3300"}
{"count": 15, "count_fp": "15.00", "created_time": "2026-02-25T20:46:19.124762Z", "no_price": 71, "no_price_dollars": "0.7100", "price": 0.29, "taker_side": "no", "ticker": "KXINX-26FEB25H1600-B6962", "trade_id": "9f330665-fe24-4069-5248-64852bc30fcc", "yes_price": 29, "yes_price_dollars": "0.2900"}
{"count": 1, "count_fp": "1.00", "created_time": "2026-02-25T20:46:19.124762Z", "no_price": 70, "no_price_dollars": "0.7000", "price": 0.3, "taker_side": "no", "ticker": "KXINX-26FEB25H1600-B6962", "trade_id": "0791f4bb-eb2c-4e02-4a26-af267b4f2f60", "yes_price": 30, "yes_price_dollars": "0.3000"}
{"count": 2, "count_fp": "2.00", "created_time": "2026-02-25T20:45:17.315712Z", "no_price": 75, "no_price_dollars": "0.7500", "price": 0.25, "taker_side": "no", "ticker": "KXINX-26FEB25H1600-B6962", "trade_id": "dfe72e56-1ae9-4362-a96d-37a412a4ce93", "yes_price": 25, "yes_price_dollars": "0.2500"}
{"count": 20, "count_fp": "20.00", "created_time": "2026-02-25T20:45:17.315712Z", "no_price": 76, "no_price_dollars": "0.7600", "price": 0.24, "taker_side": "no", "ticker": "KXINX-26FEB25H1600-B6962", "trade_id": "2fe07af1-f693-4dd5-95fa-5e5f9be94578", "yes_price": 24, "yes_price_dollars": "0.2400"}
{"count": 10, "count_fp": "10.00", "created_time": "2026-02-25T20:45:10.474474Z", "no_price": 61, "no_price_dollars": "0.6100", "price": 0.39, "taker_side": "yes", "ticker": "KXINX-26FEB25H1600-B6962", "trade_id": "d2bad119-5ac5-5489-50fe-ab99549a0456", "yes_price": 39, "yes_price_dollars": "0.3900"}
{"count": 2, "count_fp": "2.00", "created_time": "2026-02-25T20:45:10.474474Z", "no_price": 59, "no_price_dollars": "0.5900", "price": 0.41, "taker_side": "yes", "ticker": "KXINX-26FEB25H1600-B6962", "trade_id": "4a226359-e8f1-5f8a-703c-57b54a3b8646", "yes_price": 41, "yes_price_dollars": "0.4100"}
{"count": 20, "count_fp": "20.00", "created_time": "2026-02-25T20:45:08.101937Z", "no_price": 74, "no_price_dollars": "0.7400", "price": 0.26, "taker_side": "yes", "ticker": "KXINX-26FEB25H1600-B6962", "trade_id": "a3f7d3a9-5bca-42b1-dfd0-662db341f980", "yes_price": 26, "yes_price_dollars": "0.2600"}
{"count": 3, "count_fp": "3.00", "created_time": "2026-02-25T20:45:05.287271Z", "no_price": 75, "no_price_dollars": "0.7500", "price": 0.25, "taker_side": "yes", "ticker": "KXINX-26FEB25H1600-B6962", "trade_id": "533f0393-88aa-6f2c-a7f6-af7b852f6940", "yes_price": 25, "yes_price_dollars": "0.2500"}
{"count": 10, "count_fp": "10.00", "created_time": "2026-02-25T20:44:59.365193Z", "no_price": 73, "no_price_dollars": "0.7300", "price": 0.27, "taker_side": "no", "ticker": "KXINX-26FEB25H1600-B6962", "trade_id": "45fa037c-c678-6649-598d-5497b392bc23", "yes_price": 27, "yes_price_dollars": "0.2700"}
{"count": 10, "count_fp": "10.00", "created_time": "2026-02-25T20:44:59.365193Z", "no_price": 72, "no_price_dollars": "0.7200", "price": 0.28, "taker_side": "no", "ticker": "KXINX-26FEB25H1600-B6962", "trade_id": "167cf498-3852-6ebb-7f4f-adbde67331b3", "yes_price": 28, "yes_price_dollars": "0.2800"}
{"count": 2, "count_fp": "2.00", "created_time": "2026-02-25T20:44:47.502849Z", "no_price": 73, "no_price_dollars": "0.7300", "price": 0.27, "taker_side": "no", "ticker": "KXINX-26FEB25H1600-B6962", "trade_id": "c3f50887-bb3e-5a84-ed3a-0fd581ac3f39", "yes_price": 27, "yes_price_dollars": "0.2700"}
{"count": 5, "count_fp": "5.00", "created_time": "2026-02-25T20:44:22.914838Z", "no_price": 70, "no_price_dollars": "0.7000", "price": 0.3, "taker_side": "no", "ticker": "KXINX-26FEB25H1600-B6962", "trade_id": "e3569ba7-d0d7-7039-6da9-2f61c9ddb3bb", "yes_price": 30, "yes_price_dollars": "0.3000"}
{"count": 2, "count_fp": "2.00", "created_time": "2026-02-25T20:44:22.914838Z", "no_price": 70, "no_price_dollars": "0.7000", "price": 0.3, "taker_side": "no", "ticker": "KXINX-26FEB25H1600-B6962", "trade_id": "177d57e9-981a-7d0b-5b86-6f051735428b", "yes_price": 30, "yes_price_dollars": "0.3000"}
{"count": 2, "count_fp": "2.00", "created_time": "2026-02-25T20:44:03.454745Z", "no_price": 65, "no_price_dollars": "0.6500", "price": 0.35, "taker_side": "no", "ticker": "KXINX-26FEB25H1600-B6962", "trade_id": "2cb4118a-9fc9-504a-827f-5ced83d91a35", "yes_price": 35, "yes_price_dollars": "0.3500"}
{"count": 10, "count_fp": "10.00", "created_time": "2026-02-25T20:42:35.822214Z", "no_price": 51, "no_price_dollars": "0.5100", "price": 0.49, "taker_side": "yes", "ticker": "KXINX-26FEB25H1600-B6962", "trade_id": "2f988b41-4a49-6dfd-16d6-89a9b9030702", "yes_price": 49, "yes_price_dollars": "0.4900"}
{"count": 20, "count_fp": "20.00", "created_time": "2026-02-25T20:41:47.096303Z", "no_price": 65, "no_price_dollars": "0.6500", "price": 0.35, "taker_side": "yes", "ticker": "KXINX-26FEB25H1600-B6962", "trade_id": "d17370b6-e632-7909-ef69-97d558957f64", "yes_price": 35, "yes_price_dollars": "0.3500"}
{"count": 10, "count_fp": "10.00", "created_time": "2026-02-25T20:41:47.096303Z", "no_price": 64, "no_price_dollars": "0.6400", "price": 0.36, "taker_side": "yes", "ticker": "KXINX-26FEB25H1600-B6962", "trade_id": "b92e0b86-f4f7-75e3-face-d743f4a9f2ee", "yes_price": 36, "yes_price_dollars": "0.3600"}
{"count": 20, "count_fp": "20.00", "created_time": "2026-02-25T20:41:12.164905Z", "no_price": 69, "no_price_dollars": "0.6900", "price": 0.31, "taker_side": "yes", "ticker": "KXINX-26FEB25H1600-B6962", "trade_id": "37738ced-2227-583d-ddf2-3c37a8a235b1", "yes_price": 31, "yes_price_dollars": "0.3100"}
{"count": 3, "count_fp": "3.00", "created_time": "2026-02-25T20:39:59.911211Z", "no_price": 69, "no_price_dollars": "0.6900", "price": 0.31, "taker_side": "yes", "ticker": "KXINX-26FEB25H1600-B6962", "trade_id": "f1adedf8-92e1-5666-8025-c3e1660936b0", "yes_price": 31, "yes_price_dollars": "0.3100"}
{"count": 3, "count_fp": "3.00", "created_time": "2026-02-25T20:39:59.911211Z", "no_price": 69, "no_price_dollars": "0.6900", "price": 0.31, "taker_side": "yes", "ticker": "KXINX-26FEB25H1600-B6962", "trade_id": "152e0163-1566-5313-aea9-0b7c358efbb1", "yes_price": 31, "yes_price_dollars": "0.3100"}
{"count": 4, "count_fp": "4.00", "created_time": "2026-02-25T20:39:51.117547Z", "no_price": 69, "no_price_dollars": "0.6900", "price": 0.31, "taker_side": "yes", "ticker": "KXINX-26FEB25H1600-B6962", "trade_id": "c1af9c51-6eb1-4617-9b5b-d67d88f54641", "yes_price": 31, "yes_price_dollars": "0.3100"}
{"count": 20, "count_fp": "20.00", "created_time": "2026-02-25T20:39:42.716187Z", "no_price": 68, "no_price_dollars": "0.6800", "price": 0.32, "taker_side": "yes", "ticker": "KXINX-26FEB25H1600-B6962", "trade_id": "ce45e670-cc7f-5db3-5ecf-e8f13632c419", "yes_price": 32, "yes_price_dollars": "0.3200"}
{"count": 4, "count_fp": "4.00", "created_time": "2026-02-25T20:38:20.604598Z", "no_price": 82, "no_price_dollars": "0.8200", "price": 0.18, "taker_side": "yes", "ticker": "KXINX-26FEB25H1600-B6962", "trade_id": "bba5f61f-3b57-6479-22d6-b66fbcaa5226", "yes_price": 18, "yes_price_dollars": "0.1800"}
{"count": 16, "count_fp": "16.00", "created_time": "2026-02-25T20:38:20.604598Z", "no_price": 81, "no_price_dollars": "0.8100", "price": 0.19, "taker_side": "yes", "ticker": "KXINX-26FEB25H1600-B6962", "trade_id": "90cc50d7-cfa1-6689-0ccd-ac997734e281", "yes_price": 19, "yes_price_dollars": "0.1900"}
{"count": 4, "count_fp": "4.00", "created_time": "2026-02-25T20:38:08.103889Z", "no_price": 79, "no_price_dollars": "0.7900", "price": 0.21, "taker_side": "yes", "ticker": "KXINX-26FEB25H1600-B6962", "trade_id": "350e9ca6-a41d-59dd-8e15-5a9e31e8aa4d", "yes_price": 21, "yes_price_dollars": "0.2100"}
{"count": 20, "count_fp": "20.00", "created_time": "2026-02-25T20:36:59.271845Z", "no_price": 91, "no_price_dollars": "0.9100", "price": 0.09, "taker_side": "no", "ticker": "KXINX-26FEB25H1600-B6962", "trade_id": "d62da172-0f4c-63c3-f9f7-9b82866eb629", "yes_price": 9, "yes_price_dollars": "0.0900"}
{"count": 7, "count_fp": "7.00", "created_time": "2026-02-25T20:36:39.977446Z", "no_price": 86, "no_price_dollars": "0.8600", "price": 0.14, "taker_side": "no", "ticker": "KXINX-26FEB25H1600-B6962", "trade_id": "ecdc1728-0537-5e63-a6c2-e50ba9c656af", "yes_price": 14, "yes_price_dollars": "0.1400"}
{"count": 20, "count_fp": "20.00", "created_time": "2026-02-25T20:36:39.977446Z", "no_price": 86, "no_price_dollars": "0.8600", "price": 0.14, "taker_side": "no", "ticker": "KXINX-26FEB25H1600-B6962", "trade_id": "8777db6f-5381-5acc-b0ce-a9c66cf7c31a", "yes_price": 14, "yes_price_dollars": "0.1400"}
{"count": 20, "count_fp": "20.00", "created_time": "2026-02-25T20:33:13.566338Z", "no_price": 84, "no_price_dollars": "0.8400", "price": 0.16, "taker_side": "yes", "ticker": "KXINX-26FEB25H1600-B6962", "trade_id": "968a3827-f183-700c-c9bf-c267e46f2e21", "yes_price": 16, "yes_price_dollars": "0.1600"}
{"count": 3, "count_fp": "3.00", "created_time": "2026-02-25T20:33:09.881638Z", "no_price": 85, "no_price_dollars": "0.8500", "price": 0.15, "taker_side": "yes", "ticker": "KXINX-26FEB25H1600-B6962", "trade_id": "4ccdf005-95c9-7665-8aba-035ca7581239", "yes_price": 15, "yes_price_dollars": "0.1500"}
{"count": 3, "count_fp": "3.00", "created_time": "2026-02-25T20:32:56.257936Z", "no_price": 85, "no_price_dollars": "0.8500", "price": 0.15, "taker_side": "yes", "ticker": "KXINX-26FEB25H1600-B6962", "trade_id": "699be887-bbd3-530c-0e00-7498278f89da", "yes_price": 15, "yes_price_dollars": "0.1500"}
{"count": 20, "count_fp": "20.00", "created_time": "2026-02-25T20:30:01.782325Z", "no_price": 81, "no_price_dollars": "0.8100", "price": 0.19, "taker_side": "no", "ticker": "KXINX-26FEB25H1600-B6962", "trade_id": "5318616b-24d3-756b-477a-9553312c22a7", "yes_price": 19, "yes_price_dollars": "0.1900"}
{"count": 2, "count_fp": "2.00", "created_time": "2026-02-25T20:30:01.238863Z", "no_price": 79, "no_price_dollars": "0.7900", "price": 0.21, "taker_side": "no", "ticker": "KXINX-26FEB25H1600-B6962", "trade_id": "f1f36875-7975-53b6-67f4-387b5a67ca61", "yes_price": 21, "yes_price_dollars": "0.2100"}
{"count": 6, "count_fp": "6.00", "created_time": "2026-02-25T20:30:01.238863Z", "no_price": 79, "no_price_dollars": "0.7900", "price": 0.21, "taker_side": "no", "ticker": "KXINX-26FEB25H1600-B6962", "trade_id": "c960f63c-456b-5e38-646d-816349bd2527", "yes_price": 21, "yes_price_dollars": "0.2100"}
{"count": 5, "count_fp": "5.00", "created_time": "2026-02-25T20:27:57.78749Z", "no_price": 62, "no_price_dollars": "0.6200", "price": 0.38, "taker_side": "no", "ticker": "KXINX-26FEB25H1600-B6962", "trade_id": "bae845bd-006f-6f32-2598-168dbc67f470", "yes_price": 38, "yes_price_dollars": "0.3800"}
{"count": 5, "count_fp": "5.00", "created_time": "2026-02-25T20:27:47.507466Z", "no_price": 62, "no_price_dollars": "0.6200", "price": 0.38, "taker_side": "no", "ticker": "KXINX-26FEB25H1600-B6962", "trade_id": "042be7f4-e352-4bca-a1c3-8856ac8b3ff1", "yes_price": 38, "yes_price_dollars": "0.3800"}
{"count": 5, "count_fp": "5.00", "created_time": "2026-02-25T20:27:37.310847Z", "no_price": 62, "no_price_dollars": "0.6200", "price": 0.38, "taker_side": "no", "ticker": "KXINX-26FEB25H1600-B6962", "trade_id": "edb1814f-0096-51d6-d616-fa2ac13dbc45", "yes_price": 38, "yes_price_dollars": "0.3800"}
{"count": 5, "count_fp": "5.00", "created_time": "2026-02-25T20:27:28.126405Z", "no_price": 80, "no_price_dollars": "0.8000", "price": 0.2, "taker_side": "yes", "ticker": "KXINX-26FEB25H1600-B6962", "trade_id": "96bd2550-2272-4979-7536-c70c56634cd2", "yes_price": 20, "yes_price_dollars": "0.2000"}
{"count": 5, "count_fp": "5.00", "created_time": "2026-02-25T20:27:21.009405Z", "no_price": 80, "no_price_dollars": "0.8000", "price": 0.2, "taker_side": "yes", "ticker": "KXINX-26FEB25H1600-B6962", "trade_id": "94a46c51-615a-5709-b1db-3846e2c753c6", "yes_price": 20, "yes_price_dollars": "0.2000"}
{"count": 5, "count_fp": "5.00", "created_time": "2026-02-25T20:27:13.683988Z", "no_price": 80, "no_price_dollars": "0.8000", "price": 0.2, "taker_side": "yes", "ticker": "KXINX-26FEB25H1600-B6962", "trade_id": "69717770-f966-734d-4496-fae3597a9396", "yes_price": 20, "yes_price_dollars": "0.2000"}
{"count": 5, "count_fp": "5.00", "created_time": "2026-02-25T20:27:07.027999Z", "no_price": 80, "no_price_dollars": "0.8000", "price": 0.2, "taker_side": "yes", "ticker": "KXINX-26FEB25H1600-B6962", "trade_id": "506ca311-043a-5ef1-36be-13ea5eb6eb62", "yes_price": 20, "yes_price_dollars": "0.2000"}
{"count": 48, "count_fp": "48.00", "created_time": "2026-02-25T20:27:02.315527Z", "no_price": 83, "no_price_dollars": "0.8300", "price": 0.17, "taker_side": "yes", "ticker": "KXINX-26FEB25H1600-B6962", "trade_id": "cda1d3f9-6618-7213-41de-b13208c1faef", "yes_price": 17, "yes_price_dollars": "0.1700"}
{"count": 10, "count_fp": "10.00", "created_time": "2026-02-25T20:27:02.315527Z", "no_price": 83, "no_price_dollars": "0.8300", "price": 0.17, "taker_side": "yes", "ticker": "KXINX-26FEB25H1600-B6962", "trade_id": "c65f8c42-a261-7229-6aa8-46de3b7da77b", "yes_price": 17, "yes_price_dollars": "0.1700"}
{"count": 3, "count_fp": "3.00", "created_time": "2026-02-25T20:26:57.136407Z", "no_price": 84, "no_price_dollars": "0.8400", "price": 0.16, "taker_side": "yes", "ticker": "KXINX-26FEB25H1600-B6962", "trade_id": "b4e25c4b-0c1f-57b6-ed41-beb1bc34ce29", "yes_price": 16, "yes_price_dollars": "0.1600"}
{"count": 20, "count_fp": "20.00", "created_time": "2026-02-25T20:26:54.597166Z", "no_price": 83, "no_price_dollars": "0.8300", "price": 0.17, "taker_side": "no", "ticker": "KXINX-26FEB25H1600-B6962", "trade_id": "99252d03-4d4b-5ebb-4630-7745ae3569ab", "yes_price": 17, "yes_price_dollars": "0.1700"}
{"count": 2, "count_fp": "2.00", "created_time": "2026-02-25T20:25:42.443279Z", "no_price": 71, "no_price_dollars": "0.7100", "price": 0.29, "taker_side": "yes", "ticker": "KXINX-26FEB25H1600-B6962", "trade_id": "b01ff2ed-ddae-75dd-0ae0-0cf00ae09706", "yes_price": 29, "yes_price_dollars": "0.2900"}
{"count": 3, "count_fp": "3.00", "created_time": "2026-02-25T20:25:42.443279Z", "no_price": 71, "no_price_dollars": "0.7100", "price": 0.29, "taker_side": "yes", "ticker": "KXINX-26FEB25H1600-B6962", "trade_id": "77b74347-6c41-7268-165a-7dacffadfd4f", "yes_price": 29, "yes_price_dollars": "0.2900"}
{"count": 1, "count_fp": "1.00", "created_time": "2026-02-25T20:25:04.661092Z", "no_price": 65, "no_price_dollars": "0.6500", "price": 0.35, "taker_side": "yes", "ticker": "KXINX-26FEB25H1600-B6962", "trade_id": "66478824-5282-50a7-7d1f-7d707f157d4b", "yes_price": 35, "yes_price_dollars": "0.3500"}
{"count": 4, "count_fp": "4.00", "created_time": "2026-02-25T20:25:03.67354Z", "no_price": 80, "no_price_dollars": "0.8000", "price": 0.2, "taker_side": "yes", "ticker": "KXINX-26FEB25H1600-B6962", "trade_id": "df8fa1d6-498a-5f19-473d-11bc44e7caab", "yes_price": 20, "yes_price_dollars": "0.2000"}
{"count": 47, "count_fp": "47.00", "created_time": "2026-02-25T20:24:46.869283Z", "no_price": 89, "no_price_dollars": "0.8900", "price": 0.11, "taker_side": "yes", "ticker": "KXINX-26FEB25H1600-B6962", "trade_id": "86a89a85-63bb-5827-b6a2-a9d5b417824c", "yes_price": 11, "yes_price_dollars": "0.1100"}
{"count": 1, "count_fp": "1.00", "created_time": "2026-02-25T20:24:46.831017Z", "no_price": 87, "no_price_dollars": "0.8700", "price": 0.13, "taker_side": "no", "ticker": "KXINX-26FEB25H1600-B6962", "trade_id": "f8417cd7-fbe3-5bdf-51c7-34c6101e3516", "yes_price": 13, "yes_price_dollars": "0.1300"}
{"count": 2, "count_fp": "2.00", "created_time": "2026-02-25T20:24:44.432453Z", "no_price": 86, "no_price_dollars": "0.8600", "price": 0.14, "taker_side": "no", "ticker": "KXINX-26FEB25H1600-B6962", "trade_id": "fd84bd91-48b0-6443-f790-f4cd4851839d", "yes_price": 14, "yes_price_dollars": "0.1400"}
{"count": 7, "count_fp": "7.00", "created_time": "2026-02-25T20:24:44.432453Z", "no_price": 86, "no_price_dollars": "0.8600", "price": 0.14, "taker_side": "no", "ticker": "KXINX-26FEB25H1600-B6962", "trade_id": "88cb95ed-2100-694b-c994-95613fa7b858", "yes_price": 14, "yes_price_dollars": "0.1400"}
{"count": 19, "count_fp": "19.00", "created_time": "2026-02-25T20:24:44.432453Z", "no_price": 87, "no_price_dollars": "0.8700", "price": 0.13, "taker_side": "no", "ticker": "KXINX-26FEB25H1600-B6962", "trade_id": "5df59ee5-5beb-696b-f595-9e3fa305454a", "yes_price": 13, "yes_price_dollars": "0.1300"}
{"count": 6, "count_fp": "6.00", "created_time": "2026-02-25T20:24:04.800847Z", "no_price": 80, "no_price_dollars": "0.8000", "price": 0.2, "taker_side": "yes", "ticker": "KXINX-26FEB25H1600-B6962", "trade_id": "5290ebd3-cc46-7631-1773-ecd7b1ba6443", "yes_price": 20, "yes_price_dollars": "0.2000"}
{"count": 2, "count_fp": "2.00", "created_time": "2026-02-25T20:24:04.800847Z", "no_price": 80, "no_price_dollars": "0.8000", "price": 0.2, "taker_side": "yes", "ticker": "KXINX-26FEB25H1600-B6962", "trade_id": "2982550c-a1d8-72e2-2a8b-39ec42cda267", "yes_price": 20, "yes_price_dollars": "0.2000"}
{"count": 2, "count_fp": "2.00", "created_time": "2026-02-25T20:24:04.800847Z", "no_price": 80, "no_price_dollars": "0.8000", "price": 0.2, "taker_side": "yes", "ticker": "KXINX-26FEB25H1600-B6962", "trade_id": "18524ccd-ece7-7a93-3814-4bd961f5b5d6", "yes_price": 20, "yes_price_dollars": "0.2000"}
{"count": 5, "count_fp": "5.00", "created_time": "2026-02-25T20:23:06.613087Z", "no_price": 79, "no_price_dollars": "0.7900", "price": 0.21, "taker_side": "yes", "ticker": "KXINX-26FEB25H1600-B6962", "trade_id": "eda439c8-5eca-68f9-a88a-120006be6b8b", "yes_price": 21, "yes_price_dollars": "0.2100"}
{"count": 68, "count_fp": "68.00", "created_time": "2026-02-25T20:22:58.607987Z", "no_price": 94, "no_price_dollars": "0.9400", "price": 0.06, "taker_side": "no", "ticker": "KXINX-26FEB25H1600-B6962", "trade_id": "aa2bbebd-f02b-4b44-1ad1-b97f1996e07e", "yes_price": 6, "yes_price_dollars": "0.0600"}
{"count": 20, "count_fp": "20.00", "created_time": "2026-02-25T20:22:58.607987Z", "no_price": 93, "no_price_dollars": "0.9300", "price": 0.07, "taker_side": "no", "ticker": "KXINX-26FEB25H1600-B6962", "trade_id": "a6d52522-668f-491c-3e2f-0185837d5fef", "yes_price": 7, "yes_price_dollars": "0.0700"}
{"count": 3, "count_fp": "3.00", "created_time": "2026-02-25T20:22:39.208293Z", "no_price": 93, "no_price_dollars": "0.9300", "price": 0.07, "taker_side": "yes", "ticker": "KXINX-26FEB25H1600-B6962", "trade_id": "0a506977-e599-6d71-2320-d3a891e06ccc", "yes_price": 7, "yes_price_dollars": "0.0700"}
{"count": 45, "count_fp": "45.00", "created_time": "2026-02-25T20:22:36.099284Z", "no_price": 92, "no_price_dollars": "0.9200", "price": 0.08, "taker_side": "yes", "ticker": "KXINX-26FEB25H1600-B6962", "trade_id": "454aff6a-638f-4be8-5374-104758d11dc7", "yes_price": 8, "yes_price_dollars": "0.0800"}
{"count": 7, "count_fp": "7.00", "created_time": "2026-02-25T20:22:33.243412Z", "no_price": 92, "no_price_dollars": "0.9200", "price": 0.08, "taker_side": "yes", "ticker": "KXINX-26FEB25H1600-B6962", "trade_id": "f7146429-6637-4d57-80be-c070fd9d5240", "yes_price": 8, "yes_price_dollars": "0.0800"}
{"count": 20, "count_fp": "20.00", "created_time": "2026-02-25T20:22:33.210284Z", "no_price": 92, "no_price_dollars": "0.9200", "price": 0.08, "taker_side": "no", "ticker": "KXINX-26FEB25H1600-B6962", "trade_id": "67434686-abc1-687d-7aaf-07ce6002f1f5", "yes_price": 8, "yes_price_dollars": "0.0800"}
{"count": 3, "count_fp": "3.00", "created_time": "2026-02-25T20:20:24.087398Z", "no_price": 86, "no_price_dollars": "0.8600", "price": 0.14, "taker_side": "yes", "ticker": "KXINX-26FEB25H1600-B6962", "trade_id": "4146358f-fd36-55c2-0b25-f647e4500034", "yes_price": 14, "yes_price_dollars": "0.1400"}
{"count": 42, "count_fp": "42.00", "created_time": "2026-02-25T20:20:21.592881Z", "no_price": 86, "no_price_dollars": "0.8600", "price": 0.14, "taker_side": "yes", "ticker": "KXINX-26FEB25H1600-B6962", "trade_id": "f39b3d4b-50bb-4621-efdd-fb046897c6c9", "yes_price": 14, "yes_price_dollars": "0.1400"}
{"count": 4, "count_fp": "4.00", "created_time": "2026-02-25T20:20:21.562172Z", "no_price": 86, "no_price_dollars": "0.8600", "price": 0.14, "taker_side": "no", "ticker": "KXINX-26FEB25H1600-B6962", "trade_id": "5281ea94-34e3-45ac-7ef2-d0ce08dadc97", "yes_price": 14, "yes_price_dollars": "0.1400"}
{"count": 5, "count_fp": "5.00", "created_time": "2026-02-25T20:20:19.184547Z", "no_price": 85, "no_price_dollars": "0.8500", "price": 0.15, "taker_side": "no", "ticker": "KXINX-26FEB25H1600-B6962", "trade_id": "b1ee05ac-77c2-6185-1d9b-17ce3f20e35a", "yes_price": 15, "yes_price_dollars": "0.1500"}
{"count": 16, "count_fp": "16.00", "created_time": "2026-02-25T20:20:19.184547Z", "no_price": 86, "no_price_dollars": "0.8600", "price": 0.14, "taker_side": "no", "ticker": "KXINX-26FEB25H1600-B6962", "trade_id": "7d0541f1-143b-6c50-05e9-831a465dbba7", "yes_price": 14, "yes_price_dollars": "0.1400"}
{"count": 1, "count_fp": "1.00", "created_time": "2026-02-25T20:20:19.184547Z", "no_price": 85, "no_price_dollars": "0.8500", "price": 0.15, "taker_side": "no", "ticker": "KXINX-26FEB25H1600-B6962", "trade_id": "71394aa2-70a3-6613-212e-4ac116bb7b33", "yes_price": 15, "yes_price_dollars": "0.1500"}
{"count": 5, "count_fp": "5.00", "created_time": "2026-02-25T20:19:20.052825Z", "no_price": 67, "no_price_dollars": "0.6700", "price": 0.33, "taker_side": "yes", "ticker": "KXINX-26FEB25H1600-B6962", "trade_id": "cd1e23c8-7c6e-6c45-6658-679815531fe3", "yes_price": 33, "yes_price_dollars": "0.3300"}
{"count": 2, "count_fp": "2.00", "created_time": "2026-02-25T20:18:10.958854Z", "no_price": 93, "no_price_dollars": "0.9300", "price": 0.07, "taker_side": "yes", "ticker": "KXINX-26FEB25H1600-B6962", "trade_id": "35eb4900-2783-5914-1fee-b57d91af6520", "yes_price": 7, "yes_price_dollars": "0.0700"}
{"count": 23, "count_fp": "23.00", "created_time": "2026-02-25T20:18:09.882543Z", "no_price": 93, "no_price_dollars": "0.9300", "price": 0.07, "taker_side": "yes", "ticker": "KXINX-26FEB25H1600-B6962", "trade_id": "e1c89a32-26fc-7cfb-087c-965d0b70b4e1", "yes_price": 7, "yes_price_dollars": "0.0700"}
{"count": 26, "count_fp": "26.00", "created_time": "2026-02-25T20:18:06.991353Z", "no_price": 93, "no_price_dollars": "0.9300", "price": 0.07, "taker_side": "yes", "ticker": "KXINX-26FEB25H1600-B6962", "trade_id": "7f7ac2f7-1aac-4073-dc1e-b5d6c082a850", "yes_price": 7, "yes_price_dollars": "0.0700"}
{"count": 20, "count_fp": "20.00", "created_time": "2026-02-25T20:18:06.946475Z", "no_price": 93, "no_price_dollars": "0.9300", "price": 0.07, "taker_side": "no", "ticker": "KXINX-26FEB25H1600-B6962", "trade_id": "ece265ba-02b5-7c26-8b5a-0b6c16c6ef91", "yes_price": 7, "yes_price_dollars": "0.0700"}
{"count": 3, "count_fp": "3.00", "created_time": "2026-02-25T20:17:43.336735Z", "no_price": 72, "no_price_dollars": "0.7200", "price": 0.28, "taker_side": "yes", "ticker": "KXINX-26FEB25H1600-B6962", "trade_id": "51e79ecc-232c-5318-fda1-705f12efb3b3", "yes_price": 28, "yes_price_dollars": "0.2800"}
{"count": 20, "count_fp": "20.00", "created_time": "2026-02-25T20:17:43.336735Z", "no_price": 71, "no_price_dollars": "0.7100", "price": 0.29, "taker_side": "yes", "ticker": "KXINX-26FEB25H1600-B6962", "trade_id": "078a435f-eda2-53b3-d511-4a960718767a", "yes_price": 29, "yes_price_dollars": "0.2900"}
{"count": 1, "count_fp": "1.00", "created_time": "2026-02-25T20:15:56.940222Z", "no_price": 90, "no_price_dollars": "0.9000", "price": 0.1, "taker_side": "yes", "ticker": "KXINX-26FEB25H1600-B6962", "trade_id": "6f0c9bf9-69bd-6610-8a0a-6f172520010f", "yes_price": 10, "yes_price_dollars": "0.1000"}
{"count": 3, "count_fp": "3.00", "created_time": "2026-02-25T20:15:56.940222Z", "no_price": 90, "no_price_dollars": "0.9000", "price": 0.1, "taker_side": "yes", "ticker": "KXINX-26FEB25H1600-B6962", "trade_id": "425281c7-ae78-655d-8f5d-8a914ff250ee", "yes_price": 10, "yes_price_dollars": "0.1000"}
{"count": 44, "count_fp": "44.00", "created_time": "2026-02-25T20:15:55.371824Z", "no_price": 89, "no_price_dollars": "0.8900", "price": 0.11, "taker_side": "yes", "ticker": "KXINX-26FEB25H1600-B6962", "trade_id": "ebe74af0-ec28-4a18-8f99-1bb7c51d6fbf", "yes_price": 11, "yes_price_dollars": "0.1100"}
{"count": 3, "count_fp": "3.00", "created_time": "2026-02-25T20:15:52.845593Z", "no_price": 89, "no_price_dollars": "0.8900", "price": 0.11, "taker_side": "yes", "ticker": "KXINX-26FEB25H1600-B6962", "trade_id": "b5b32510-c447-5c1f-9cbf-70a289194460", "yes_price": 11, "yes_price_dollars": "0.1100"}
{"count": 20, "count_fp": "20.00", "created_time": "2026-02-25T20:15:52.81478Z", "no_price": 89, "no_price_dollars": "0.8900", "price": 0.11, "taker_side": "no", "ticker": "KXINX-26FEB25H1600-B6962", "trade_id": "59415156-14cf-47eb-0d31-fe75c19c0e85", "yes_price": 11, "yes_price_dollars": "0.1100"}
{"count": 42, "count_fp": "42.00", "created_time": "2026-02-25T20:14:17.554795Z", "no_price": 89, "no_price_dollars": "0.8900", "price": 0.11, "taker_side": "yes", "ticker": "KXINX-26FEB25H1600-B6962", "trade_id": "0e32a255-4b7f-7444-6a2e-cff3e1e6f6ee", "yes_price": 11, "yes_price_dollars": "0.1100"}
{"count": 1, "count_fp": "1.00", "created_time": "2026-02-25T20:14:17.517917Z", "no_price": 89, "no_price_dollars": "0.8900", "price": 0.11, "taker_side": "no", "ticker": "KXINX-26FEB25H1600-B6962", "trade_id": "7a85806f-86d1-753b-bc9f-124eb3a6b235", "yes_price": 11, "yes_price_dollars": "0.1100"}
{"count": 3, "count_fp": "3.00", "created_time": "2026-02-25T20:14:10.057403Z", "no_price": 78, "no_price_dollars": "0.7800", "price": 0.22, "taker_side": "yes", "ticker": "KXINX-26FEB25H1600-B6962", "trade_id": "78933b14-38a1-4cf3-12a7-29e1cb01d22a", "yes_price": 22, "yes_price_dollars": "0.2200"}
{"count": 20, "count_fp": "20.00", "created_time": "2026-02-25T20:14:10.02187Z", "no_price": 78, "no_price_dollars": "0.7800", "price": 0.22, "taker_side": "no", "ticker": "KXINX-26FEB25H1600-B6962", "trade_id": "12fe5452-0374-6f6f-cfb2-b0d3f031c494", "yes_price": 22, "yes_price_dollars": "0.2200"}
{"count": 10, "count_fp": "10.00", "created_time": "2026-02-25T20:12:33.790194Z", "no_price": 70, "no_price_dollars": "0.7000", "price": 0.3, "taker_side": "no", "ticker": "KXINX-26FEB25H1600-B6962", "trade_id": "c8e17179-2b8e-4932-7259-8b672b631885", "yes_price": 30, "yes_price_dollars": "0.3000"}
{"count": 5, "count_fp": "5.00", "created_time": "2026-02-25T20:12:33.079252Z", "no_price": 69, "no_price_dollars": "0.6900", "price": 0.31, "taker_side": "no", "ticker": "KXINX-26FEB25H1600-B6962", "trade_id": "7f7d8ce0-7d53-71d6-957e-ce2472c12684", "yes_price": 31, "yes_price_dollars": "0.3100"}
{"count": 2, "count_fp": "2.00", "created_time": "2026-02-25T20:12:33.079252Z", "no_price": 69, "no_price_dollars": "0.6900", "price": 0.31, "taker_side": "no", "ticker": "KXINX-26FEB25H1600-B6962", "trade_id": "6ad7bb01-f4bd-7061-b99e-e296e842a8e4", "yes_price": 31, "yes_price_dollars": "0.3100"}
{"count": 1, "count_fp": "1.00", "created_time": "2026-02-25T20:10:28.054241Z", "no_price": 50, "no_price_dollars": "0.5000", "price": 0.5, "taker_side": "yes", "ticker": "KXINX-26FEB25H1600-B6962", "trade_id": "8b3f2c95-fbda-748d-3274-c881e0ff6b80", "yes_price": 50, "yes_price_dollars": "0.5000"}
{"count": 19, "count_fp": "19.00", "created_time": "2026-02-25T20:10:28.054241Z", "no_price": 53, "no_price_dollars": "0.5300", "price": 0.47, "taker_side": "yes", "ticker": "KXINX-26FEB25H1600-B6962", "trade_id": "832e4fa0-77d8-72ae-316e-e63eccc7a2f9", "yes_price": 47, "yes_price_dollars": "0.4700"}
{"count": 3, "count_fp": "3.00", "created_time": "2026-02-25T20:10:28.054241Z", "no_price": 52, "no_price_dollars": "0.5200", "price": 0.48, "taker_side": "yes", "ticker": "KXINX-26FEB25H1600-B6962", "trade_id": "3c1f00b6-fa94-7ceb-1b59-fa0925a6194a", "yes_price": 48, "yes_price_dollars": "0.4800"}
{"count": 12, "count_fp": "12.00", "created_time": "2026-02-25T20:10:28.054241Z", "no_price": 47, "no_price_dollars": "0.4700", "price": 0.53, "taker_side": "yes", "ticker": "KXINX-26FEB25H1600-B6962", "trade_id": "3842b92f-c542-7287-25a6-e97983e25eab", "yes_price": 53, "yes_price_dollars": "0.5300"}
{"count": 1, "count_fp": "1.00", "created_time": "2026-02-25T20:10:28.054241Z", "no_price": 50, "no_price_dollars": "0.5000", "price": 0.5, "taker_side": "yes", "ticker": "KXINX-26FEB25H1600-B6962", "trade_id": "19d338b9-45f2-75ac-1076-2aa33d2e2001", "yes_price": 50, "yes_price_dollars": "0.5000"}
{"count": 3, "count_fp": "3.00", "created_time": "2026-02-25T20:10:28.054241Z", "no_price": 52, "no_price_dollars": "0.5200", "price": 0.48, "taker_side": "yes", "ticker": "KXINX-26FEB25H1600-B6962", "trade_id": "04633b9f-fc49-7f41-0a83-35542a977fe2", "yes_price": 48, "yes_price_dollars": "0.4800"}
{"count": 1, "count_fp": "1.00", "created_time": "2026-02-25T20:10:24.236441Z", "no_price": 64, "no_price_dollars": "0.6400", "price": 0.36, "taker_side": "no", "ticker": "KXINX-26FEB25H1600-B6962", "trade_id": "bc88ccab-e300-7624-52bf-89ab1a8035bf", "yes_price": 36, "yes_price_dollars": "0.3600"}
{"count": 6, "count_fp": "6.00", "created_time": "2026-02-25T20:10:24.236441Z", "no_price": 64, "no_price_dollars": "0.6400", "price": 0.36, "taker_side": "no", "ticker": "KXINX-26FEB25H1600-B6962", "trade_id": "80108a27-5f4b-7eca-42f0-6757a639b7bb", "yes_price": 36, "yes_price_dollars": "0.3600"}
{"count": 1, "count_fp": "1.00", "created_time": "2026-02-25T20:04:12.639807Z", "no_price": 48, "no_price_dollars": "0.4800", "price": 0.52, "taker_side": "yes", "ticker": "KXINX-26FEB25H1600-B6962", "trade_id": "8353cfb2-e924-4c0e-e2e4-da87062eeb11", "yes_price": 52, "yes_price_dollars": "0.5200"}
{"count": 12, "count_fp": "12.00", "created_time": "2026-02-25T20:02:35.936532Z", "no_price": 55, "no_price_dollars": "0.5500", "price": 0.45, "taker_side": "yes", "ticker": "KXINX-26FEB25H1600-B6962", "trade_id": "213690f1-b6fb-4e53-5591-d9d21c91aef0", "yes_price": 45, "yes_price_dollars": "0.4500"}
{"count": 16, "count_fp": "16.00", "created_time": "2026-02-25T20:02:29.796044Z", "no_price": 56, "no_price_dollars": "0.5600", "price": 0.44, "taker_side": "yes", "ticker": "KXINX-26FEB25H1600-B6962", "trade_id": "1dfc71ac-323d-486d-56bf-d58a1c1a938f", "yes_price": 44, "yes_price_dollars": "0.4400"}
{"count": 4, "count_fp": "4.00", "created_time": "2026-02-25T20:01:01.791731Z", "no_price": 56, "no_price_dollars": "0.5600", "price": 0.44, "taker_side": "yes", "ticker": "KXINX-26FEB25H1600-B6962", "trade_id": "7a52e3d7-979d-4f85-6639-1ea94aa55b23", "yes_price": 44, "yes_price_dollars": "0.4400"}
{"count": 20, "count_fp": "20.00", "created_time": "2026-02-25T19:56:30.097146Z", "no_price": 61, "no_price_dollars": "0.6100", "price": 0.39, "taker_side": "yes", "ticker": "KXINX-26FEB25H1600-B6962", "trade_id": "f9b759ba-8df7-521b-7889-60598983d790", "yes_price": 39, "yes_price_dollars": "0.3900"}
{"count": 2, "count_fp": "2.00", "created_time": "2026-02-25T19:56:23.006612Z", "no_price": 63, "no_price_dollars": "0.6300", "price": 0.37, "taker_side": "yes", "ticker": "KXINX-26FEB25H1600-B6962", "trade_id": "ba59efc9-2b25-7a8c-cae5-bf18dc47fcf2", "yes_price": 37, "yes_price_dollars": "0.3700"}
{"count": 20, "count_fp": "20.00", "created_time": "2026-02-25T19:54:35.82721Z", "no_price": 63, "no_price_dollars": "0.6300", "price": 0.37, "taker_side": "yes", "ticker": "KXINX-26FEB25H1600-B6962", "trade_id": "c38da451-21b1-4479-97bc-84ea02d855a6", "yes_price": 37, "yes_price_dollars": "0.3700"}
{"count": 3, "count_fp": "3.00", "created_time": "2026-02-25T19:54:35.82721Z", "no_price": 63, "no_price_dollars": "0.6300", "price": 0.37, "taker_side": "yes", "ticker": "KXINX-26FEB25H1600-B6962", "trade_id": "0ef7be11-9ec5-4112-9f60-d269d5566dc0", "yes_price": 37, "yes_price_dollars": "0.3700"}
{"count": 5, "count_fp": "5.00", "created_time": "2026-02-25T19:52:57.363008Z", "no_price": 56, "no_price_dollars": "0.5600", "price": 0.44, "taker_side": "no", "ticker": "KXINX-26FEB25H1600-B6962", "trade_id": "f2d6006b-45f5-563d-4ad4-92f4b460e36d", "yes_price": 44, "yes_price_dollars": "0.4400"}
{"count": 40, "count_fp": "40.00", "created_time": "2026-02-25T19:52:57.363008Z", "no_price": 56, "no_price_dollars": "0.5600", "price": 0.44, "taker_side": "no", "ticker": "KXINX-26FEB25H1600-B6962", "trade_id": "5499ad01-7860-5b39-41fb-cdae7e6bbce9", "yes_price": 44, "yes_price_dollars": "0.4400"}
{"count": 2, "count_fp": "2.00", "created_time": "2026-02-25T19:52:57.363008Z", "no_price": 56, "no_price_dollars": "0.5600", "price": 0.44, "taker_side": "no", "ticker": "KXINX-26FEB25H1600-B6962", "trade_id": "1119da1d-d367-53a9-5475-e8a4551af569", "yes_price": 44, "yes_price_dollars": "0.4400"}
{"count": 20, "count_fp": "20.00", "created_time": "2026-02-25T19:37:44.269008Z", "no_price": 57, "no_price_dollars": "0.5700", "price": 0.43, "taker_side": "yes", "ticker": "KXINX-26FEB25H1600-B6962", "trade_id": "08917af7-0564-71fa-cb0d-beaecd9aa43e", "yes_price": 43, "yes_price_dollars": "0.4300"}
{"count": 20, "count_fp": "20.00", "created_time": "2026-02-25T19:36:28.383448Z", "no_price": 60, "no_price_dollars": "0.6000", "price": 0.4, "taker_side": "yes", "ticker": "KXINX-26FEB25H1600-B6962", "trade_id": "354799ae-708a-7c25-aac6-0ba7c78d50cb", "yes_price": 40, "yes_price_dollars": "0.4000"}
{"count": 3, "count_fp": "3.00", "created_time": "2026-02-25T19:36:26.730049Z", "no_price": 61, "no_price_dollars": "0.6100", "price": 0.39, "taker_side": "yes", "ticker": "KXINX-26FEB25H1600-B6962", "trade_id": "216b11e7-ceba-6a0e-5078-961d21d9441d", "yes_price": 39, "yes_price_dollars": "0.3900"}
{"count": 50, "count_fp": "50.00", "created_time": "2026-02-25T19:34:50.110038Z", "no_price": 63, "no_price_dollars": "0.6300", "price": 0.37, "taker_side": "yes", "ticker": "KXINX-26FEB25H1600-B6962", "trade_id": "92896d80-0682-46ec-8a1a-4ad8c005febb", "yes_price": 37, "yes_price_dollars": "0.3700"}
{"count": 12, "count_fp": "12.00", "created_time": "2026-02-25T19:34:50.110038Z", "no_price": 63, "no_price_dollars": "0.6300", "price": 0.37, "taker_side": "yes", "ticker": "KXINX-26FEB25H1600-B6962", "trade_id": "2ae50a03-a972-4357-ac3c-10db8fbdb81a", "yes_price": 37, "yes_price_dollars": "0.3700"}
{"count": 20, "count_fp": "20.00", "created_time": "2026-02-25T19:34:21.824082Z", "no_price": 68, "no_price_dollars": "0.6800", "price": 0.32, "taker_side": "yes", "ticker": "KXINX-26FEB25H1600-B6962", "trade_id": "d4f07d71-fb04-4abe-0472-1bca11a834fe", "yes_price": 32, "yes_price_dollars": "0.3200"}
{"count": 20, "count_fp": "20.00", "created_time": "2026-02-25T19:28:27.684988Z", "no_price": 74, "no_price_dollars": "0.7400", "price": 0.26, "taker_side": "yes", "ticker": "KXINX-26FEB25H1600-B6962", "trade_id": "7f42ad48-f7d1-6244-a3ae-88114f601136", "yes_price": 26, "yes_price_dollars": "0.2600"}
{"count": 5, "count_fp": "5.00", "created_time": "2026-02-25T19:26:43.738039Z", "no_price": 72, "no_price_dollars": "0.7200", "price": 0.28, "taker_side": "yes", "ticker": "KXINX-26FEB25H1600-B6962", "trade_id": "70aeac08-ac8a-6b85-a3fc-77ff9a88a587", "yes_price": 28, "yes_price_dollars": "0.2800"}
{"count": 5, "count_fp": "5.00", "created_time": "2026-02-25T19:26:43.738039Z", "no_price": 71, "no_price_dollars": "0.7100", "price": 0.29, "taker_side": "yes", "ticker": "KXINX-26FEB25H1600-B6962", "trade_id": "2d0d36f9-7146-65fe-97fd-8acdb5621793", "yes_price": 29, "yes_price_dollars": "0.2900"}
{"count": 15, "count_fp": "15.00", "created_time": "2026-02-25T19:26:10.572676Z", "no_price": 72, "no_price_dollars": "0.7200", "price": 0.28, "taker_side": "yes", "ticker": "KXINX-26FEB25H1600-B6962", "trade_id": "1fefc3a7-802e-4a9d-515b-17562cbb3c3b", "yes_price": 28, "yes_price_dollars": "0.2800"}
{"count": 20, "count_fp": "20.00", "created_time": "2026-02-25T19:22:48.176942Z", "no_price": 78, "no_price_dollars": "0.7800", "price": 0.22, "taker_side": "no", "ticker": "KXINX-26FEB25H1600-B6962", "trade_id": "ce9086bc-e0cf-4dd3-d54e-b21763f5d100", "yes_price": 22, "yes_price_dollars": "0.2200"}
{"count": 20, "count_fp": "20.00", "created_time": "2026-02-25T19:21:28.967799Z", "no_price": 70, "no_price_dollars": "0.7000", "price": 0.3, "taker_side": "yes", "ticker": "KXINX-26FEB25H1600-B6962", "trade_id": "2f3be6b5-6d4d-6b41-8a69-f988ff95d801", "yes_price": 30, "yes_price_dollars": "0.3000"}
{"count": 20, "count_fp": "20.00", "created_time": "2026-02-25T19:21:05.81222Z", "no_price": 73, "no_price_dollars": "0.7300", "price": 0.27, "taker_side": "no", "ticker": "KXINX-26FEB25H1600-B6962", "trade_id": "9eb1ca6b-8bd9-7bb5-5759-a185a94f6427", "yes_price": 27, "yes_price_dollars": "0.2700"}
{"count": 7, "count_fp": "7.00", "created_time": "2026-02-25T19:18:33.911506Z", "no_price": 69, "no_price_dollars": "0.6900", "price": 0.31, "taker_side": "yes", "ticker": "KXINX-26FEB25H1600-B6962", "trade_id": "28725acd-9d43-6d8f-b0ea-a4016487d653", "yes_price": 31, "yes_price_dollars": "0.3100"}
{"count": 4, "count_fp": "4.00", "created_time": "2026-02-25T19:18:33.676221Z", "no_price": 76, "no_price_dollars": "0.7600", "price": 0.24, "taker_side": "yes", "ticker": "KXINX-26FEB25H1600-B6962", "trade_id": "bf6fc870-da6a-6d52-a833-8a8a9b321564", "yes_price": 24, "yes_price_dollars": "0.2400"}
{"count": 20, "count_fp": "20.00", "created_time": "2026-02-25T19:18:33.676221Z", "no_price": 72, "no_price_dollars": "0.7200", "price": 0.28, "taker_side": "yes", "ticker": "KXINX-26FEB25H1600-B6962", "trade_id": "547935d6-b453-6ad9-87ba-2e9e598091d0", "yes_price": 28, "yes_price_dollars": "0.2800"}
{"count": 20, "count_fp": "20.00", "created_time": "2026-02-25T19:16:02.184543Z", "no_price": 84, "no_price_dollars": "0.8400", "price": 0.16, "taker_side": "no", "ticker": "KXINX-26FEB25H1600-B6962", "trade_id": "b83137a2-5309-49e6-c613-0a8e852a9f1b", "yes_price": 16, "yes_price_dollars": "0.1600"}
{"count": 20, "count_fp": "20.00", "created_time": "2026-02-25T19:15:12.180073Z", "no_price": 80, "no_price_dollars": "0.8000", "price": 0.2, "taker_side": "no", "ticker": "KXINX-26FEB25H1600-B6962", "trade_id": "6289b87a-4ce5-5155-7b0f-9cb5860d1885", "yes_price": 20, "yes_price_dollars": "0.2000"}
{"count": 4, "count_fp": "4.00", "created_time": "2026-02-25T19:15:06.47924Z", "no_price": 82, "no_price_dollars": "0.8200", "price": 0.18, "taker_side": "yes", "ticker": "KXINX-26FEB25H1600-B6962", "trade_id": "3dea94cf-7d31-62bb-405f-10e61506af6a", "yes_price": 18, "yes_price_dollars": "0.1800"}
{"count": 8, "count_fp": "8.00", "created_time": "2026-02-25T19:13:04.023668Z", "no_price": 74, "no_price_dollars": "0.7400", "price": 0.26, "taker_side": "no", "ticker": "KXINX-26FEB25H1600-B6962", "trade_id": "c039dd56-e2f9-4634-c24c-e13a0611c047", "yes_price": 26, "yes_price_dollars": "0.2600"}
{"count": 20, "count_fp": "20.00", "created_time": "2026-02-25T19:12:58.697599Z", "no_price": 75, "no_price_dollars": "0.7500", "price": 0.25, "taker_side": "yes", "ticker": "KXINX-26FEB25H1600-B6962", "trade_id": "de98aaf9-cec0-5594-679b-7ce1dafce1ad", "yes_price": 25, "yes_price_dollars": "0.2500"}
{"count": 20, "count_fp": "20.00", "created_time": "2026-02-25T19:12:53.021649Z", "no_price": 77, "no_price_dollars": "0.7700", "price": 0.23, "taker_side": "no", "ticker": "KXINX-26FEB25H1600-B6962", "trade_id": "5cfbb5d6-0a91-4567-f0fe-1db79dd281fd", "yes_price": 23, "yes_price_dollars": "0.2300"}
{"count": 20, "count_fp": "20.00", "created_time": "2026-02-25T19:12:21.437072Z", "no_price": 73, "no_price_dollars": "0.7300", "price": 0.27, "taker_side": "yes", "ticker": "KXINX-26FEB25H1600-B6962", "trade_id": "fdeff6d7-3b3c-59d0-6cf7-849bd7b43111", "yes_price": 27, "yes_price_dollars": "0.2700"}
{"count": 20, "count_fp": "20.00", "created_time": "2026-02-25T19:12:06.158156Z", "no_price": 79, "no_price_dollars": "0.7900", "price": 0.21, "taker_side": "no", "ticker": "KXINX-26FEB25H1600-B6962", "trade_id": "a1541868-ec40-51b5-7275-9c9a7c2243b5", "yes_price": 21, "yes_price_dollars": "0.2100"}
{"count": 20, "count_fp": "20.00", "created_time": "2026-02-25T19:11:39.439818Z", "no_price": 78, "no_price_dollars": "0.7800", "price": 0.22, "taker_side": "no", "ticker": "KXINX-26FEB25H1600-B6962", "trade_id": "9553d135-7182-4de6-c19d-1502f65134cf", "yes_price": 22, "yes_price_dollars": "0.2200"}
{"count": 20, "count_fp": "20.00", "created_time": "2026-02-25T19:10:19.971923Z", "no_price": 70, "no_price_dollars": "0.7000", "price": 0.3, "taker_side": "yes", "ticker": "KXINX-26FEB25H1600-B6962", "trade_id": "c0e7e515-b031-58b9-488a-2d11527258d9", "yes_price": 30, "yes_price_dollars": "0.3000"}
{"count": 20, "count_fp": "20.00", "created_time": "2026-02-25T19:08:43.298455Z", "no_price": 70, "no_price_dollars": "0.7000", "price": 0.3, "taker_side": "yes", "ticker": "KXINX-26FEB25H1600-B6962", "trade_id": "f0db4f6e-aee5-6a67-83da-454125ad3d03", "yes_price": 30, "yes_price_dollars": "0.3000"}
{"count": 5, "count_fp": "5.00", "created_time": "2026-02-25T19:08:43.298455Z", "no_price": 69, "no_price_dollars": "0.6900", "price": 0.31, "taker_side": "yes", "ticker": "KXINX-26FEB25H1600-B6962", "trade_id": "abafacee-b21b-6ffb-bca4-c15fb50c6c67", "yes_price": 31, "yes_price_dollars": "0.3100"}
{"count": 20, "count_fp": "20.00", "created_time": "2026-02-25T19:07:27.756389Z", "no_price": 75, "no_price_dollars": "0.7500", "price": 0.25, "taker_side": "yes", "ticker": "KXINX-26FEB25H1600-B6962", "trade_id": "471bbf7d-86bf-441c-1809-bc2e6a565b49", "yes_price": 25, "yes_price_dollars": "0.2500"}
{"count": 4, "count_fp": "4.00", "created_time": "2026-02-25T19:07:13.41854Z", "no_price": 80, "no_price_dollars": "0.8000", "price": 0.2, "taker_side": "yes", "ticker": "KXINX-26FEB25H1600-B6962", "trade_id": "befd2086-b684-5d4a-4f96-cbbda6bcfa69", "yes_price": 20, "yes_price_dollars": "0.2000"}
{"count": 46, "count_fp": "46.00", "created_time": "2026-02-25T19:07:13.41854Z", "no_price": 79, "no_price_dollars": "0.7900", "price": 0.21, "taker_side": "yes", "ticker": "KXINX-26FEB25H1600-B6962", "trade_id": "37a7ea5b-a2a7-52a7-7861-97533b85cc0a", "yes_price": 21, "yes_price_dollars": "0.2100"}
{"count": 226, "count_fp": "226.00", "created_time": "2026-02-25T19:06:03.266572Z", "no_price": 80, "no_price_dollars": "0.8000", "price": 0.2, "taker_side": "yes", "ticker": "KXINX-26FEB25H1600-B6962", "trade_id": "f07f2a20-d867-5063-7ab7-33925ae93706", "yes_price": 20, "yes_price_dollars": "0.2000"}
{"count": 5, "count_fp": "5.00", "created_time": "2026-02-25T19:06:03.266572Z", "no_price": 81, "no_price_dollars": "0.8100", "price": 0.19, "taker_side": "yes", "ticker": "KXINX-26FEB25H1600-B6962", "trade_id": "64194274-ddaa-5f67-72a3-abdbf5a2face", "yes_price": 19, "yes_price_dollars": "0.1900"}
{"count": 5, "count_fp": "5.00", "created_time": "2026-02-25T19:00:26.906113Z", "no_price": 91, "no_price_dollars": "0.9100", "price": 0.09, "taker_side": "no", "ticker": "KXINX-26FEB25H1600-B6962", "trade_id": "62643a25-88ca-79e8-fca7-204d0a462adb", "yes_price": 9, "yes_price_dollars": "0.0900"}
{"count": 224, "count_fp": "224.00", "created_time": "2026-02-25T18:57:54.021771Z", "no_price": 95, "no_price_dollars": "0.9500", "price": 0.05, "taker_side": "no", "ticker": "KXINX-26FEB25H1600-B6962", "trade_id": "99f5ad5e-e708-4cee-3ed3-41a254fc1578", "yes_price": 5, "yes_price_dollars": "0.0500"}
{"count": 150, "count_fp": "150.00", "created_time": "2026-02-25T18:57:44.265533Z", "no_price": 94, "no_price_dollars": "0.9400", "price": 0.06, "taker_side": "no", "ticker": "KXINX-26FEB25H1600-B6962", "trade_id": "fc481db2-e585-6668-f5b1-b6693c8171bb", "yes_price": 6, "yes_price_dollars": "0.0600"}
{"count": 10, "count_fp": "10.00", "created_time": "2026-02-25T18:53:56.972568Z", "no_price": 87, "no_price_dollars": "0.8700", "price": 0.13, "taker_side": "yes", "ticker": "KXINX-26FEB25H1600-B6962", "trade_id": "1d7465d7-9122-5954-fa3c-f2e49f9075cc", "yes_price": 13, "yes_price_dollars": "0.1300"}
{"count": 107, "count_fp": "107.00", "created_time": "2026-02-25T18:53:55.553006Z", "no_price": 91, "no_price_dollars": "0.9100", "price": 0.09, "taker_side": "no", "ticker": "KXINX-26FEB25H1600-B6962", "trade_id": "ce640054-b7d7-7786-a847-a09da68bb671", "yes_price": 9, "yes_price_dollars": "0.0900"}
{"count": 19, "count_fp": "19.00", "created_time": "2026-02-25T18:53:53.109668Z", "no_price": 90, "no_price_dollars": "0.9000", "price": 0.1, "taker_side": "no", "ticker": "KXINX-26FEB25H1600-B6962", "trade_id": "b5dac994-69d5-6df7-aa36-3efd012bc787", "yes_price": 10, "yes_price_dollars": "0.1000"}
{"count": 14, "count_fp": "14.00", "created_time": "2026-02-25T18:53:51.89145Z", "no_price": 89, "no_price_dollars": "0.8900", "price": 0.11, "taker_side": "no", "ticker": "KXINX-26FEB25H1600-B6962", "trade_id": "6cd05128-ab2a-502a-8eba-1af297a26884", "yes_price": 11, "yes_price_dollars": "0.1100"}
{"count": 6, "count_fp": "6.00", "created_time": "2026-02-25T18:53:50.658467Z", "no_price": 89, "no_price_dollars": "0.8900", "price": 0.11, "taker_side": "no", "ticker": "KXINX-26FEB25H1600-B6962", "trade_id": "73fa9946-ebda-5ef6-2c4d-f02c4dca243c", "yes_price": 11, "yes_price_dollars": "0.1100"}
{"count": 20, "count_fp": "20.00", "created_time": "2026-02-25T18:53:19.858622Z", "no_price": 85, "no_price_dollars": "0.8500", "price": 0.15, "taker_side": "no", "ticker": "KXINX-26FEB25H1600-B6962", "trade_id": "85f90858-9f87-4c05-19a8-f6f017b1e762", "yes_price": 15, "yes_price_dollars": "0.1500"}
{"count": 20, "count_fp": "20.00", "created_time": "2026-02-25T18:46:35.454279Z", "no_price": 85, "no_price_dollars": "0.8500", "price": 0.15, "taker_side": "yes", "ticker": "KXINX-26FEB25H1600-B6962", "trade_id": "5ffbc79e-b4eb-74e7-b987-d50bd38e0372", "yes_price": 15, "yes_price_dollars": "0.1500"}
{"count": 8, "count_fp": "8.00", "created_time": "2026-02-25T18:46:04.320506Z", "no_price": 86, "no_price_dollars": "0.8600", "price": 0.14, "taker_side": "yes", "ticker": "KXINX-26FEB25H1600-B6962", "trade_id": "d8ea8725-7cb0-73cf-aff5-2f5f737f9654", "yes_price": 14, "yes_price_dollars": "0.1400"}
{"count": 8, "count_fp": "8.00", "created_time": "2026-02-25T18:42:53.169567Z", "no_price": 88, "no_price_dollars": "0.8800", "price": 0.12, "taker_side": "yes", "ticker": "KXINX-26FEB25H1600-B6962", "trade_id": "f21f3331-b252-6514-4883-2c5c098450ad", "yes_price": 12, "yes_price_dollars": "0.1200"}
{"count": 20, "count_fp": "20.00", "created_time": "2026-02-25T18:41:48.009362Z", "no_price": 86, "no_price_dollars": "0.8600", "price": 0.14, "taker_side": "yes", "ticker": "KXINX-26FEB25H1600-B6962", "trade_id": "918700aa-5350-63de-4f8b-da0a7e636489", "yes_price": 14, "yes_price_dollars": "0.1400"}
{"count": 16, "count_fp": "16.00", "created_time": "2026-02-25T18:41:30.718085Z", "no_price": 90, "no_price_dollars": "0.9000", "price": 0.1, "taker_side": "yes", "ticker": "KXINX-26FEB25H1600-B6962", "trade_id": "7a3d3fe4-e149-60fd-4c5a-dfedc3d1fec1", "yes_price": 10, "yes_price_dollars": "0.1000"}
{"count": 32, "count_fp": "32.00", "created_time": "2026-02-25T18:41:27.033951Z", "no_price": 93, "no_price_dollars": "0.9300", "price": 0.07, "taker_side": "no", "ticker": "KXINX-26FEB25H1600-B6962", "trade_id": "2c26e276-fbc5-63fc-6616-89379c2b939b", "yes_price": 7, "yes_price_dollars": "0.0700"}
{"count": 19, "count_fp": "19.00", "created_time": "2026-02-25T18:38:55.804372Z", "no_price": 94, "no_price_dollars": "0.9400", "price": 0.06, "taker_side": "yes", "ticker": "KXINX-26FEB25H1600-B6962", "trade_id": "7795013e-26c7-5d58-d095-91b23d2581ec", "yes_price": 6, "yes_price_dollars": "0.0600"}
{"count": 239, "count_fp": "239.00", "created_time": "2026-02-25T18:36:53.276502Z", "no_price": 97, "no_price_dollars": "0.9700", "price": 0.03, "taker_side": "no", "ticker": "KXINX-26FEB25H1600-B6962", "trade_id": "c229bdef-9f2e-54f6-336e-bd936bf7ed78", "yes_price": 3, "yes_price_dollars": "0.0300"}
{"count": 17, "count_fp": "17.00", "created_time": "2026-02-25T18:27:36.905934Z", "no_price": 95, "no_price_dollars": "0.9500", "price": 0.05, "taker_side": "no", "ticker": "KXINX-26FEB25H1600-B6962", "trade_id": "2855cbe6-5813-5a95-312f-3945fa820fcd", "yes_price": 5, "yes_price_dollars": "0.0500"}
{"count": 24, "count_fp": "24.00", "created_time": "2026-02-25T18:27:28.882346Z", "no_price": 94, "no_price_dollars": "0.9400", "price": 0.06, "taker_side": "no", "ticker": "KXINX-26FEB25H1600-B6962", "trade_id": "380402dd-13d0-4b1b-0adc-1479751a1918", "yes_price": 6, "yes_price_dollars": "0.0600"}
{"count": 108, "count_fp": "108.00", "created_time": "2026-02-25T18:26:42.069885Z", "no_price": 94, "no_price_dollars": "0.9400", "price": 0.06, "taker_side": "no", "ticker": "KXINX-26FEB25H1600-B6962", "trade_id": "a9c83adb-860c-70a7-5818-204a73295c18", "yes_price": 6, "yes_price_dollars": "0.0600"}
{"count": 20, "count_fp": "20.00", "created_time": "2026-02-25T18:26:42.069885Z", "no_price": 94, "no_price_dollars": "0.9400", "price": 0.06, "taker_side": "no", "ticker": "KXINX-26FEB25H1600-B6962", "trade_id": "56f30de5-1956-7bd9-6160-c5a17fc7c74c", "yes_price": 6, "yes_price_dollars": "0.0600"}
{"count": 30, "count_fp": "30.00", "created_time": "2026-02-25T18:26:36.403106Z", "no_price": 94, "no_price_dollars": "0.9400", "price": 0.06, "taker_side": "no", "ticker": "KXINX-26FEB25H1600-B6962", "trade_id": "b635baff-e142-7f79-0218-2278c8a311f4", "yes_price": 6, "yes_price_dollars": "0.0600"}
{"count": 20, "count_fp": "20.00", "created_time": "2026-02-25T18:24:31.940807Z", "no_price": 92, "no_price_dollars": "0.9200", "price": 0.08, "taker_side": "yes", "ticker": "KXINX-26FEB25H1600-B6962", "trade_id": "01631fa9-edcf-58ab-a73b-99c9e2350e8e", "yes_price": 8, "yes_price_dollars": "0.0800"}
{"count": 39, "count_fp": "39.00", "created_time": "2026-02-25T18:23:27.658862Z", "no_price": 93, "no_price_dollars": "0.9300", "price": 0.07, "taker_side": "no", "ticker": "KXINX-26FEB25H1600-B6962", "trade_id": "21868521-4285-7e9f-98a1-796f640c8c06", "yes_price": 7, "yes_price_dollars": "0.0700"}
{"count": 20, "count_fp": "20.00", "created_time": "2026-02-25T18:18:51.015474Z", "no_price": 90, "no_price_dollars": "0.9000", "price": 0.1, "taker_side": "no", "ticker": "KXINX-26FEB25H1600-B6962", "trade_id": "b449556c-0710-67b0-71fa-3ab15e59a203", "yes_price": 10, "yes_price_dollars": "0.1000"}
{"count": 5, "count_fp": "5.00", "created_time": "2026-02-25T18:18:45.890482Z", "no_price": 90, "no_price_dollars": "0.9000", "price": 0.1, "taker_side": "yes", "ticker": "KXINX-26FEB25H1600-B6962", "trade_id": "632ed46a-a6e4-5cad-5359-fd48a53e439e", "yes_price": 10, "yes_price_dollars": "0.1000"}
{"count": 5, "count_fp": "5.00", "created_time": "2026-02-25T18:18:31.195268Z", "no_price": 90, "no_price_dollars": "0.9000", "price": 0.1, "taker_side": "yes", "ticker": "KXINX-26FEB25H1600-B6962", "trade_id": "c51cd846-3939-7378-a696-44453ffd1fbf", "yes_price": 10, "yes_price_dollars": "0.1000"}
{"count": 83, "count_fp": "83.00", "created_time": "2026-02-25T18:18:31.195268Z", "no_price": 89, "no_price_dollars": "0.8900", "price": 0.11, "taker_side": "yes", "ticker": "KXINX-26FEB25H1600-B6962", "trade_id": "298219d4-9a5f-75d1-9302-2b5644f1a897", "yes_price": 11, "yes_price_dollars": "0.1100"}
{"count": 20, "count_fp": "20.00", "created_time": "2026-02-25T18:17:40.333539Z", "no_price": 90, "no_price_dollars": "0.9000", "price": 0.1, "taker_side": "no", "ticker": "KXINX-26FEB25H1600-B6962", "trade_id": "d56d6aea-eec7-62bf-4021-a0ea752566fb", "yes_price": 10, "yes_price_dollars": "0.1000"}
{"count": 10, "count_fp": "10.00", "created_time": "2026-02-25T18:17:29.544471Z", "no_price": 89, "no_price_dollars": "0.8900", "price": 0.11, "taker_side": "yes", "ticker": "KXINX-26FEB25H1600-B6962", "trade_id": "c03a26cb-68ea-7d95-7b01-f19ad1ff45d5", "yes_price": 11, "yes_price_dollars": "0.1100"}
{"count": 20, "count_fp": "20.00", "created_time": "2026-02-25T18:17:24.265159Z", "no_price": 88, "no_price_dollars": "0.8800", "price": 0.12, "taker_side": "no", "ticker": "KXINX-26FEB25H1600-B6962", "trade_id": "70f4344e-8675-6d15-59a2-f837f6fe6691", "yes_price": 12, "yes_price_dollars": "0.1200"}
{"count": 10, "count_fp": "10.00", "created_time": "2026-02-25T18:16:45.27398Z", "no_price": 88, "no_price_dollars": "0.8800", "price": 0.12, "taker_side": "yes", "ticker": "KXINX-26FEB25H1600-B6962", "trade_id": "78e37314-e66e-607e-38b7-b462c82ad0cb", "yes_price": 12, "yes_price_dollars": "0.1200"}
{"count": 13, "count_fp": "13.00", "created_time": "2026-02-25T18:16:45.27398Z", "no_price": 87, "no_price_dollars": "0.8700", "price": 0.13, "taker_side": "yes", "ticker": "KXINX-26FEB25H1600-B6962", "trade_id": "0d75a2cb-6934-6722-3fd4-1c072ca6dd86", "yes_price": 13, "yes_price_dollars": "0.1300"}
{"count": 10, "count_fp": "10.00", "created_time": "2026-02-25T18:16:22.158854Z", "no_price": 90, "no_price_dollars": "0.9000", "price": 0.1, "taker_side": "yes", "ticker": "KXINX-26FEB25H1600-B6962", "trade_id": "b3a67bec-c98b-5273-426c-4c4d8fdeb1dd", "yes_price": 10, "yes_price_dollars": "0.1000"}
{"count": 5, "count_fp": "5.00", "created_time": "2026-02-25T18:16:22.158854Z", "no_price": 89, "no_price_dollars": "0.8900", "price": 0.11, "taker_side": "yes", "ticker": "KXINX-26FEB25H1600-B6962", "trade_id": "9fab18f5-2a13-55d1-5e64-32f40472158f", "yes_price": 11, "yes_price_dollars": "0.1100"}
{"count": 20, "count_fp": "20.00", "created_time": "2026-02-25T18:16:12.133033Z", "no_price": 88, "no_price_dollars": "0.8800", "price": 0.12, "taker_side": "no", "ticker": "KXINX-26FEB25H1600-B6962", "trade_id": "bd1f2b63-768f-68f5-64d7-07d75105808e", "yes_price": 12, "yes_price_dollars": "0.1200"}
{"count": 20, "count_fp": "20.00", "created_time": "2026-02-25T18:16:12.114895Z", "no_price": 87, "no_price_dollars": "0.8700", "price": 0.13, "taker_side": "no", "ticker": "KXINX-26FEB25H1600-B6962", "trade_id": "e0607555-c46d-5589-4e20-5923f1f23f02", "yes_price": 13, "yes_price_dollars": "0.1300"}
{"count": 20, "count_fp": "20.00", "created_time": "2026-02-25T18:15:45.192209Z", "no_price": 88, "no_price_dollars": "0.8800", "price": 0.12, "taker_side": "no", "ticker": "KXINX-26FEB25H1600-B6962", "trade_id": "d7711e53-4536-678e-4b27-2965580d07b9", "yes_price": 12, "yes_price_dollars": "0.1200"}
{"count": 51, "count_fp": "51.00", "created_time": "2026-02-25T18:15:45.192209Z", "no_price": 88, "no_price_dollars": "0.8800", "price": 0.12, "taker_side": "no", "ticker": "KXINX-26FEB25H1600-B6962", "trade_id": "38106d5f-422b-69e9-6888-c6e9239da0a4", "yes_price": 12, "yes_price_dollars": "0.1200"}
{"count": 100, "count_fp": "100.00", "created_time": "2026-02-25T18:15:45.150611Z", "no_price": 85, "no_price_dollars": "0.8500", "price": 0.15, "taker_side": "no", "ticker": "KXINX-26FEB25H1600-B6962", "trade_id": "9d31fea9-a8f4-57ec-756d-88939ea05558", "yes_price": 15, "yes_price_dollars": "0.1500"}
{"count": 15, "count_fp": "15.00", "created_time": "2026-02-25T18:11:02.661015Z", "no_price": 82, "no_price_dollars": "0.8200", "price": 0.18, "taker_side": "no", "ticker": "KXINX-26FEB25H1600-B6962", "trade_id": "8f3dc4c5-fd99-6681-a4b8-df98110bdff3", "yes_price": 18, "yes_price_dollars": "0.1800"}
{"count": 5, "count_fp": "5.00", "created_time": "2026-02-25T18:10:19.713943Z", "no_price": 85, "no_price_dollars": "0.8500", "price": 0.15, "taker_side": "no", "ticker": "KXINX-26FEB25H1600-B6962", "trade_id": "cd89496f-53c5-68f5-995b-93a056f7d8e7", "yes_price": 15, "yes_price_dollars": "0.1500"}
{"count": 20, "count_fp": "20.00", "created_time": "2026-02-25T18:08:25.031337Z", "no_price": 84, "no_price_dollars": "0.8400", "price": 0.16, "taker_side": "no", "ticker": "KXINX-26FEB25H1600-B6962", "trade_id": "262c4a6e-969f-6fc3-80a6-0ce7686623cf", "yes_price": 16, "yes_price_dollars": "0.1600"}
{"count": 20, "count_fp": "20.00", "created_time": "2026-02-25T18:08:10.055606Z", "no_price": 84, "no_price_dollars": "0.8400", "price": 0.16, "taker_side": "no", "ticker": "KXINX-26FEB25H1600-B6962", "trade_id": "cf8a3cf1-5594-6252-8131-b480b97d89a4", "yes_price": 16, "yes_price_dollars": "0.1600"}
{"count": 20, "count_fp": "20.00", "created_time": "2026-02-25T18:07:29.641321Z", "no_price": 84, "no_price_dollars": "0.8400", "price": 0.16, "taker_side": "no", "ticker": "KXINX-26FEB25H1600-B6962", "trade_id": "5ce19543-72bc-693f-ae3f-532b03edb81e", "yes_price": 16, "yes_price_dollars": "0.1600"}
{"count": 7, "count_fp": "7.00", "created_time": "2026-02-25T18:01:49.969693Z", "no_price": 75, "no_price_dollars": "0.7500", "price": 0.25, "taker_side": "yes", "ticker": "KXINX-26FEB25H1600-B6962", "trade_id": "4e4feb02-97ac-7082-c603-d535d51dfe62", "yes_price": 25, "yes_price_dollars": "0.2500"}
{"count": 20, "count_fp": "20.00", "created_time": "2026-02-25T18:00:47.053229Z", "no_price": 81, "no_price_dollars": "0.8100", "price": 0.19, "taker_side": "no", "ticker": "KXINX-26FEB25H1600-B6962", "trade_id": "0572822f-3beb-4a9f-003d-84c2657be47a", "yes_price": 19, "yes_price_dollars": "0.1900"}
{"count": 100, "count_fp": "100.00", "created_time": "2026-02-25T17:27:37.875651Z", "no_price": 84, "no_price_dollars": "0.8400", "price": 0.16, "taker_side": "no", "ticker": "KXINX-26FEB25H1600-B6962", "trade_id": "b93bb608-99f4-685f-7c45-bbba90121d3b", "yes_price": 16, "yes_price_dollars": "0.1600"}
{"count": 6, "count_fp": "6.00", "created_time": "2026-02-25T17:08:03.030847Z", "no_price": 84, "no_price_dollars": "0.8400", "price": 0.16, "taker_side": "no", "ticker": "KXINX-26FEB25H1600-B6962", "trade_id": "62d92253-f204-440e-ebff-2c8c3f9e6c82", "yes_price": 16, "yes_price_dollars": "0.1600"}
{"count": 4, "count_fp": "4.00", "created_time": "2026-02-25T17:01:49.180357Z", "no_price": 83, "no_price_dollars": "0.8300", "price": 0.17, "taker_side": "no", "ticker": "KXINX-26FEB25H1600-B6962", "trade_id": "e9677e02-ea3c-4816-42f8-9a4d5431ebfa", "yes_price": 17, "yes_price_dollars": "0.1700"}
{"count": 7, "count_fp": "7.00", "created_time": "2026-02-25T16:47:20.712016Z", "no_price": 82, "no_price_dollars": "0.8200", "price": 0.18, "taker_side": "no", "ticker": "KXINX-26FEB25H1600-B6962", "trade_id": "4e2bcc9f-29c3-683c-1eff-5021615f1a6a", "yes_price": 18, "yes_price_dollars": "0.1800"}
{"count": 10, "count_fp": "10.00", "created_time": "2026-02-25T16:43:13.715789Z", "no_price": 81, "no_price_dollars": "0.8100", "price": 0.19, "taker_side": "yes", "ticker": "KXINX-26FEB25H1600-B6962", "trade_id": "f74f8f1c-aa79-7321-2329-f88a987ff426", "yes_price": 19, "yes_price_dollars": "0.1900"}
{"count": 1, "count_fp": "1.00", "created_time": "2026-02-25T15:55:26.747338Z", "no_price": 92, "no_price_dollars": "0.9200", "price": 0.08, "taker_side": "yes", "ticker": "KXINX-26FEB25H1600-B6962", "trade_id": "57ef0288-e707-4479-06ff-70c15e5cd121", "yes_price": 8, "yes_price_dollars": "0.0800"}
{"count": 5, "count_fp": "5.00", "created_time": "2026-02-25T15:50:26.574199Z", "no_price": 92, "no_price_dollars": "0.9200", "price": 0.08, "taker_side": "no", "ticker": "KXINX-26FEB25H1600-B6962", "trade_id": "9d923339-acd6-792b-4ad8-967cfead1e24", "yes_price": 8, "yes_price_dollars": "0.0800"}
{"count": 4, "count_fp": "4.00", "created_time": "2026-02-25T15:49:05.816198Z", "no_price": 91, "no_price_dollars": "0.9100", "price": 0.09, "taker_side": "no", "ticker": "KXINX-26FEB25H1600-B6962", "trade_id": "2bf5722c-3ad5-7b51-4794-2ca1a2f2a7b0", "yes_price": 9, "yes_price_dollars": "0.0900"}
{"count": 2, "count_fp": "2.00", "created_time": "2026-02-25T15:35:23.709024Z", "no_price": 89, "no_price_dollars": "0.8900", "price": 0.11, "taker_side": "yes", "ticker": "KXINX-26FEB25H1600-B6962", "trade_id": "46e9d913-b235-7e17-94d1-e4844127c5a2", "yes_price": 11, "yes_price_dollars": "0.1100"}
{"count": 10, "count_fp": "10.00", "created_time": "2026-02-25T15:27:03.63886Z", "no_price": 91, "no_price_dollars": "0.9100", "price": 0.09, "taker_side": "no", "ticker": "KXINX-26FEB25H1600-B6962", "trade_id": "ff231111-0df0-4a66-3161-17824a7f796a", "yes_price": 9, "yes_price_dollars": "0.0900"}
{"count": 20, "count_fp": "20.00", "created_time": "2026-02-25T15:08:26.78716Z", "no_price": 85, "no_price_dollars": "0.8500", "price": 0.15, "taker_side": "yes", "ticker": "KXINX-26FEB25H1600-B6962", "trade_id": "1348c26c-c376-45d0-c175-8b0b7511373e", "yes_price": 15, "yes_price_dollars": "0.1500"}
{"count": 20, "count_fp": "20.00", "created_time": "2026-02-25T14:57:18.308629Z", "no_price": 81, "no_price_dollars": "0.8100", "price": 0.19, "taker_side": "no", "ticker": "KXINX-26FEB25H1600-B6962", "trade_id": "47f46731-6768-4606-a0fc-a3b4a9a93783", "yes_price": 19, "yes_price_dollars": "0.1900"}
{"count": 18, "count_fp": "18.00", "created_time": "2026-02-25T14:56:09.727652Z", "no_price": 78, "no_price_dollars": "0.7800", "price": 0.22, "taker_side": "no", "ticker": "KXINX-26FEB25H1600-B6962", "trade_id": "ee4990cc-7808-4fc0-bd31-00a5cfee16f3", "yes_price": 22, "yes_price_dollars": "0.2200"}
{"count": 2, "count_fp": "2.00", "created_time": "2026-02-25T14:48:36.171477Z", "no_price": 75, "no_price_dollars": "0.7500", "price": 0.25, "taker_side": "no", "ticker": "KXINX-26FEB25H1600-B6962", "trade_id": "7ef72e4b-aa24-6b24-c3a4-7c7f7fb2d08f", "yes_price": 25, "yes_price_dollars": "0.2500"}
{"count": 20, "count_fp": "20.00", "created_time": "2026-02-25T14:43:19.217578Z", "no_price": 80, "no_price_dollars": "0.8000", "price": 0.2, "taker_side": "yes", "ticker": "KXINX-26FEB25H1600-B6962", "trade_id": "c3c689ab-35fb-573b-cce9-d9290c1c6980", "yes_price": 20, "yes_price_dollars": "0.2000"}
{"count": 20, "count_fp": "20.00", "created_time": "2026-02-25T14:31:09.077008Z", "no_price": 77, "no_price_dollars": "0.7700", "price": 0.23, "taker_side": "yes", "ticker": "KXINX-26FEB25H1600-B6962", "trade_id": "629121fe-a51a-5991-df49-c08a36f4a47a", "yes_price": 23, "yes_price_dollars": "0.2300"}
{"count": 113, "count_fp": "113.00", "created_time": "2026-02-25T14:30:27.213827Z", "no_price": 80, "no_price_dollars": "0.8000", "price": 0.2, "taker_side": "yes", "ticker": "KXINX-26FEB25H1600-B6962", "trade_id": "9e9749ab-aefa-591a-ee9d-ff38b47b538b", "yes_price": 20, "yes_price_dollars": "0.2000"}
{"count": 20, "count_fp": "20.00", "created_time": "2026-02-25T14:30:21.079122Z", "no_price": 82, "no_price_dollars": "0.8200", "price": 0.18, "taker_side": "yes", "ticker": "KXINX-26FEB25H1600-B6962", "trade_id": "2c97234d-7f6b-56be-f066-ba0c35b05069", "yes_price": 18, "yes_price_dollars": "0.1800"}
{"count": 1, "count_fp": "1.00", "created_time": "2026-02-25T14:28:16.704621Z", "no_price": 83, "no_price_dollars": "0.8300", "price": 0.17, "taker_side": "yes", "ticker": "KXINX-26FEB25H1600-B6962", "trade_id": "aaf04383-6813-6256-a0c3-8791c6b4d241", "yes_price": 17, "yes_price_dollars": "0.1700"}
{"count": 254, "count_fp": "254.00", "created_time": "2026-02-25T14:28:16.704621Z", "no_price": 81, "no_price_dollars": "0.8100", "price": 0.19, "taker_side": "yes", "ticker": "KXINX-26FEB25H1600-B6962", "trade_id": "11077834-498d-6cc3-99f0-45a4fbf5d3aa", "yes_price": 19, "yes_price_dollars": "0.1900"}
{"count": 3, "count_fp": "3.00", "created_time": "2026-02-25T14:13:58.77264Z", "no_price": 81, "no_price_dollars": "0.8100", "price": 0.19, "taker_side": "yes", "ticker": "KXINX-26FEB25H1600-B6962", "trade_id": "9258bf93-db17-7697-ddf8-05cd60971549", "yes_price": 19, "yes_price_dollars": "0.1900"}
{"count": 2, "count_fp": "2.00", "created_time": "2026-02-25T14:13:58.77264Z", "no_price": 81, "no_price_dollars": "0.8100", "price": 0.19, "taker_side": "yes", "ticker": "KXINX-26FEB25H1600-B6962", "trade_id": "2db65ac2-4385-70cc-ce28-ab06a2984dc8", "yes_price": 19, "yes_price_dollars": "0.1900"}
{"count": 1, "count_fp": "1.00", "created_time": "2026-02-25T14:13:58.77264Z", "no_price": 80, "no_price_dollars": "0.8000", "price": 0.2, "taker_side": "yes", "ticker": "KXINX-26FEB25H1600-B6962", "trade_id": "2d7b6516-ea12-7016-e256-e461ed25367b", "yes_price": 20, "yes_price_dollars": "0.2000"}
{"count": 1, "count_fp": "1.00", "created_time": "2026-02-25T14:09:48.888916Z", "no_price": 84, "no_price_dollars": "0.8400", "price": 0.16, "taker_side": "yes", "ticker": "KXINX-26FEB25H1600-B6962", "trade_id": "d47394a5-a69a-58f3-fa21-fa7e5f2c63d4", "yes_price": 16, "yes_price_dollars": "0.1600"}
{"count": 20, "count_fp": "20.00", "created_time": "2026-02-25T14:09:48.888916Z", "no_price": 84, "no_price_dollars": "0.8400", "price": 0.16, "taker_side": "yes", "ticker": "KXINX-26FEB25H1600-B6962", "trade_id": "495bdfe1-6266-52e2-cf12-f2445a5133dc", "yes_price": 16, "yes_price_dollars": "0.1600"}
{"count": 1, "count_fp": "1.00", "created_time": "2026-02-25T14:09:48.888916Z", "no_price": 84, "no_price_dollars": "0.8400", "price": 0.16, "taker_side": "yes", "ticker": "KXINX-26FEB25H1600-B6962", "trade_id": "046c1b5a-9581-5f20-c8f5-7d5540108302", "yes_price": 16, "yes_price_dollars": "0.1600"}
{"count": 1, "count_fp": "1.00", "created_time": "2026-02-25T13:56:41.324552Z", "no_price": 86, "no_price_dollars": "0.8600", "price": 0.14, "taker_side": "no", "ticker": "KXINX-26FEB25H1600-B6962", "trade_id": "d3bce437-0e5f-6c1c-8618-ea9ef41934bd", "yes_price": 14, "yes_price_dollars": "0.1400"}
{"count": 20, "count_fp": "20.00", "created_time": "2026-02-25T13:56:24.213551Z", "no_price": 86, "no_price_dollars": "0.8600", "price": 0.14, "taker_side": "yes", "ticker": "KXINX-26FEB25H1600-B6962", "trade_id": "9d0aeda6-cf73-5303-e49b-a79ae0e41678", "yes_price": 14, "yes_price_dollars": "0.1400"}
{"count": 1, "count_fp": "1.00", "created_time": "2026-02-25T13:56:24.213551Z", "no_price": 86, "no_price_dollars": "0.8600", "price": 0.14, "taker_side": "yes", "ticker": "KXINX-26FEB25H1600-B6962", "trade_id": "6dfe5673-f422-5c55-dbc5-ad74e9f173a0", "yes_price": 14, "yes_price_dollars": "0.1400"}
{"count": 1, "count_fp": "1.00", "created_time": "2026-02-25T13:55:29.493052Z", "no_price": 87, "no_price_dollars": "0.8700", "price": 0.13, "taker_side": "yes", "ticker": "KXINX-26FEB25H1600-B6962", "trade_id": "df2f4dfa-630f-557f-c6eb-406dfae3fe62", "yes_price": 13, "yes_price_dollars": "0.1300"}
{"count": 10, "count_fp": "10.00", "created_time": "2026-02-25T20:59:51.791606Z", "no_price": 2, "no_price_dollars": "0.0200", "price": 0.98, "taker_side": "yes", "ticker": "KXINX-26FEB25H1600-B6937", "trade_id": "b7cde66f-4f33-5647-52f9-247e7441e0e8", "yes_price": 98, "yes_price_dollars": "0.9800"}
{"count": 6, "count_fp": "6.00", "created_time": "2026-02-25T20:59:50.565761Z", "no_price": 2, "no_price_dollars": "0.0200", "price": 0.98, "taker_side": "yes", "ticker": "KXINX-26FEB25H1600-B6937", "trade_id": "e04d1214-1a73-46fb-1152-8a516f2b48f0", "yes_price": 98, "yes_price_dollars": "0.9800"}
{"count": 1, "count_fp": "1.00", "created_time": "2026-02-25T20:59:47.221133Z", "no_price": 2, "no_price_dollars": "0.0200", "price": 0.98, "taker_side": "yes", "ticker": "KXINX-26FEB25H1600-B6937", "trade_id": "9435b3b9-da87-5d2b-4326-f8fe92711018", "yes_price": 98, "yes_price_dollars": "0.9800"}
{"count": 1, "count_fp": "1.00", "created_time": "2026-02-25T20:59:46.760725Z", "no_price": 2, "no_price_dollars": "0.0200", "price": 0.98, "taker_side": "yes", "ticker": "KXINX-26FEB25H1600-B6937", "trade_id": "8df478ec-7cd7-4843-6037-e8bf19daf5f0", "yes_price": 98, "yes_price_dollars": "0.9800"}
{"count": 7, "count_fp": "7.00", "created_time": "2026-02-25T20:59:43.808815Z", "no_price": 4, "no_price_dollars": "0.0400", "price": 0.96, "taker_side": "yes", "ticker": "KXINX-26FEB25H1600-B6937", "trade_id": "485dda34-71b4-4205-0a76-6b80639296dc", "yes_price": 96, "yes_price_dollars": "0.9600"}
{"count": 8, "count_fp": "8.00", "created_time": "2026-02-25T20:59:26.786281Z", "no_price": 2, "no_price_dollars": "0.0200", "price": 0.98, "taker_side": "yes", "ticker": "KXINX-26FEB25H1600-B6937", "trade_id": "7b268e09-2d73-40bf-4005-b53c4428dbee", "yes_price": 98, "yes_price_dollars": "0.9800"}
{"count": 2, "count_fp": "2.00", "created_time": "2026-02-25T20:59:16.539798Z", "no_price": 2, "no_price_dollars": "0.0200", "price": 0.98, "taker_side": "yes", "ticker": "KXINX-26FEB25H1600-B6937", "trade_id": "69b2e513-04b3-472f-0566-c3d78983266a", "yes_price": 98, "yes_price_dollars": "0.9800"}
{"count": 4, "count_fp": "4.00", "created_time": "2026-02-25T20:59:11.563554Z", "no_price": 2, "no_price_dollars": "0.0200", "price": 0.98, "taker_side": "yes", "ticker": "KXINX-26FEB25H1600-B6937", "trade_id": "d5d1eeb5-a76b-4988-e267-0e59c377ddcf", "yes_price": 98, "yes_price_dollars": "0.9800"}
{"count": 20, "count_fp": "20.00", "created_time": "2026-02-25T20:59:11.563554Z", "no_price": 3, "no_price_dollars": "0.0300", "price": 0.97, "taker_side": "yes", "ticker": "KXINX-26FEB25H1600-B6937", "trade_id": "3044e49e-b7b1-450b-c026-dcbfdceaa096", "yes_price": 97, "yes_price_dollars": "0.9700"}
{"count": 76, "count_fp": "76.00", "created_time": "2026-02-25T20:59:11.563554Z", "no_price": 1, "no_price_dollars": "0.0100", "price": 0.99, "taker_side": "yes", "ticker": "KXINX-26FEB25H1600-B6937", "trade_id": "1b832d0a-966f-45fc-e996-408f7ac6852f", "yes_price": 99, "yes_price_dollars": "0.9900"}
{"count": 5, "count_fp": "5.00", "created_time": "2026-02-25T20:58:56.107905Z", "no_price": 5, "no_price_dollars": "0.0500", "price": 0.95, "taker_side": "no", "ticker": "KXINX-26FEB25H1600-B6937", "trade_id": "4de437d1-b7c5-6829-656e-56aec6846a30", "yes_price": 95, "yes_price_dollars": "0.9500"}
{"count": 15, "count_fp": "15.00", "created_time": "2026-02-25T20:58:56.107905Z", "no_price": 5, "no_price_dollars": "0.0500", "price": 0.95, "taker_side": "no", "ticker": "KXINX-26FEB25H1600-B6937", "trade_id": "23895459-5dc4-6910-6937-ca7c24e96f9d", "yes_price": 95, "yes_price_dollars": "0.9500"}
{"count": 20, "count_fp": "20.00", "created_time": "2026-02-25T20:58:50.435312Z", "no_price": 5, "no_price_dollars": "0.0500", "price": 0.95, "taker_side": "no", "ticker": "KXINX-26FEB25H1600-B6937", "trade_id": "63c8dd91-e521-5579-fc35-2610707ce27c", "yes_price": 95, "yes_price_dollars": "0.9500"}
{"count": 1, "count_fp": "1.00", "created_time": "2026-02-25T20:58:37.601103Z", "no_price": 13, "no_price_dollars": "0.1300", "price": 0.87, "taker_side": "yes", "ticker": "KXINX-26FEB25H1600-B6937", "trade_id": "c5176f9c-ab36-727e-f91d-863e532d99e9", "yes_price": 87, "yes_price_dollars": "0.8700"}
{"count": 4, "count_fp": "4.00", "created_time": "2026-02-25T20:58:36.98613Z", "no_price": 14, "no_price_dollars": "0.1400", "price": 0.86, "taker_side": "yes", "ticker": "KXINX-26FEB25H1600-B6937", "trade_id": "73bb40b7-0f39-5197-ea23-8ad974e998fe", "yes_price": 86, "yes_price_dollars": "0.8600"}
{"count": 2, "count_fp": "2.00", "created_time": "2026-02-25T20:58:35.814403Z", "no_price": 24, "no_price_dollars": "0.2400", "price": 0.76, "taker_side": "no", "ticker": "KXINX-26FEB25H1600-B6937", "trade_id": "94bc2c6a-23b2-7169-49e6-36549bdfbf6a", "yes_price": 76, "yes_price_dollars": "0.7600"}
{"count": 6, "count_fp": "6.00", "created_time": "2026-02-25T20:58:10.722366Z", "no_price": 24, "no_price_dollars": "0.2400", "price": 0.76, "taker_side": "yes", "ticker": "KXINX-26FEB25H1600-B6937", "trade_id": "308caeca-9011-758a-6166-5b208923bdc3", "yes_price": 76, "yes_price_dollars": "0.7600"}
{"count": 4, "count_fp": "4.00", "created_time": "2026-02-25T20:58:10.722366Z", "no_price": 25, "no_price_dollars": "0.2500", "price": 0.75, "taker_side": "yes", "ticker": "KXINX-26FEB25H1600-B6937", "trade_id": "2dfe093d-b335-7191-772a-281287cbb191", "yes_price": 75, "yes_price_dollars": "0.7500"}
{"count": 19, "count_fp": "19.00", "created_time": "2026-02-25T20:57:33.064906Z", "no_price": 25, "no_price_dollars": "0.2500", "price": 0.75, "taker_side": "yes", "ticker": "KXINX-26FEB25H1600-B6937", "trade_id": "f44d2af1-4fb2-7852-298a-dd2a4541492d", "yes_price": 75, "yes_price_dollars": "0.7500"}
{"count": 8, "count_fp": "8.00", "created_time": "2026-02-25T20:57:33.064906Z", "no_price": 30, "no_price_dollars": "0.3000", "price": 0.7, "taker_side": "yes", "ticker": "KXINX-26FEB25H1600-B6937", "trade_id": "cd8d4143-83e5-7f9e-2e77-9a63e3bf843f", "yes_price": 70, "yes_price_dollars": "0.7000"}
{"count": 30, "count_fp": "30.00", "created_time": "2026-02-25T20:57:33.064906Z", "no_price": 31, "no_price_dollars": "0.3100", "price": 0.69, "taker_side": "yes", "ticker": "KXINX-26FEB25H1600-B6937", "trade_id": "9f299227-0c62-7875-3aa6-93145c248721", "yes_price": 69, "yes_price_dollars": "0.6900"}
{"count": 6, "count_fp": "6.00", "created_time": "2026-02-25T20:57:33.064906Z", "no_price": 29, "no_price_dollars": "0.2900", "price": 0.71, "taker_side": "yes", "ticker": "KXINX-26FEB25H1600-B6937", "trade_id": "971bb17a-b74f-7783-0f0c-48309aa8fa0d", "yes_price": 71, "yes_price_dollars": "0.7100"}
{"count": 6, "count_fp": "6.00", "created_time": "2026-02-25T20:57:33.064906Z", "no_price": 28, "no_price_dollars": "0.2800", "price": 0.72, "taker_side": "yes", "ticker": "KXINX-26FEB25H1600-B6937", "trade_id": "3992f481-b6cf-70ab-180e-53afd6c9dfb2", "yes_price": 72, "yes_price_dollars": "0.7200"}
{"count": 1, "count_fp": "1.00", "created_time": "2026-02-25T20:57:30.631166Z", "no_price": 29, "no_price_dollars": "0.2900", "price": 0.71, "taker_side": "yes", "ticker": "KXINX-26FEB25H1600-B6937", "trade_id": "b7b13c16-a26e-4b79-b9d2-291832ecb691", "yes_price": 71, "yes_price_dollars": "0.7100"}
{"count": 4, "count_fp": "4.00", "created_time": "2026-02-25T20:57:30.631166Z", "no_price": 30, "no_price_dollars": "0.3000", "price": 0.7, "taker_side": "yes", "ticker": "KXINX-26FEB25H1600-B6937", "trade_id": "50208a1a-4d35-4768-95c5-2b85f27a51be", "yes_price": 70, "yes_price_dollars": "0.7000"}
{"count": 4, "count_fp": "4.00", "created_time": "2026-02-25T20:57:09.377408Z", "no_price": 35, "no_price_dollars": "0.3500", "price": 0.65, "taker_side": "no", "ticker": "KXINX-26FEB25H1600-B6937", "trade_id": "edfeb540-b92f-796b-0892-d878e5db8509", "yes_price": 65, "yes_price_dollars": "0.6500"}
{"count": 20, "count_fp": "20.00", "created_time": "2026-02-25T20:57:09.377408Z", "no_price": 36, "no_price_dollars": "0.3600", "price": 0.64, "taker_side": "no", "ticker": "KXINX-26FEB25H1600-B6937", "trade_id": "d7c7ead0-8d1d-7241-0539-d634754dd23d", "yes_price": 64, "yes_price_dollars": "0.6400"}
{"count": 8, "count_fp": "8.00", "created_time": "2026-02-25T20:57:09.377408Z", "no_price": 36, "no_price_dollars": "0.3600", "price": 0.64, "taker_side": "no", "ticker": "KXINX-26FEB25H1600-B6937", "trade_id": "45c23d65-cd57-774d-2aaa-55a32c07603d", "yes_price": 64, "yes_price_dollars": "0.6400"}
{"count": 1, "count_fp": "1.00", "created_time": "2026-02-25T20:57:08.024639Z", "no_price": 35, "no_price_dollars": "0.3500", "price": 0.65, "taker_side": "no", "ticker": "KXINX-26FEB25H1600-B6937", "trade_id": "31188e59-94f1-4e53-f508-fbacf03f3fa6", "yes_price": 65, "yes_price_dollars": "0.6500"}
{"count": 4, "count_fp": "4.00", "created_time": "2026-02-25T20:57:01.881678Z", "no_price": 35, "no_price_dollars": "0.3500", "price": 0.65, "taker_side": "no", "ticker": "KXINX-26FEB25H1600-B6937", "trade_id": "e150001f-5f0b-645f-a49f-8304a3c25ccf", "yes_price": 65, "yes_price_dollars": "0.6500"}
{"count": 2, "count_fp": "2.00", "created_time": "2026-02-25T20:57:01.529256Z", "no_price": 35, "no_price_dollars": "0.3500", "price": 0.65, "taker_side": "no", "ticker": "KXINX-26FEB25H1600-B6937", "trade_id": "14061ab7-e642-7ab7-7dc1-8c2961c81834", "yes_price": 65, "yes_price_dollars": "0.6500"}
{"count": 8, "count_fp": "8.00", "created_time": "2026-02-25T20:56:57.896318Z", "no_price": 37, "no_price_dollars": "0.3700", "price": 0.63, "taker_side": "no", "ticker": "KXINX-26FEB25H1600-B6937", "trade_id": "ba08dc47-38e8-5f83-a571-0dd1d0d3bde6", "yes_price": 63, "yes_price_dollars": "0.6300"}
{"count": 3, "count_fp": "3.00", "created_time": "2026-02-25T20:56:40.425661Z", "no_price": 28, "no_price_dollars": "0.2800", "price": 0.72, "taker_side": "yes", "ticker": "KXINX-26FEB25H1600-B6937", "trade_id": "fc101406-ae29-435e-9dee-ed03b2e95579", "yes_price": 72, "yes_price_dollars": "0.7200"}
{"count": 60, "count_fp": "60.00", "created_time": "2026-02-25T20:56:40.425661Z", "no_price": 27, "no_price_dollars": "0.2700", "price": 0.73, "taker_side": "yes", "ticker": "KXINX-26FEB25H1600-B6937", "trade_id": "918a24d5-9ec1-478d-9f6a-ae0c181fdfb1", "yes_price": 73, "yes_price_dollars": "0.7300"}
{"count": 21, "count_fp": "21.00", "created_time": "2026-02-25T20:56:40.425661Z", "no_price": 28, "no_price_dollars": "0.2800", "price": 0.72, "taker_side": "yes", "ticker": "KXINX-26FEB25H1600-B6937", "trade_id": "77f99158-fcab-4d79-be45-9f2e37edebb6", "yes_price": 72, "yes_price_dollars": "0.7200"}
{"count": 266, "count_fp": "266.00", "created_time": "2026-02-25T20:56:40.425661Z", "no_price": 26, "no_price_dollars": "0.2600", "price": 0.74, "taker_side": "yes", "ticker": "KXINX-26FEB25H1600-B6937", "trade_id": "63328f13-da19-4eb1-bf4f-d072d8c05e05", "yes_price": 74, "yes_price_dollars": "0.7400"}
{"count": 11, "count_fp": "11.00", "created_time": "2026-02-25T20:56:40.425661Z", "no_price": 27, "no_price_dollars": "0.2700", "price": 0.73, "taker_side": "yes", "ticker": "KXINX-26FEB25H1600-B6937", "trade_id": "2c789c1b-fb8d-423d-9b2e-399b0623bdaa", "yes_price": 73, "yes_price_dollars": "0.7300"}
{"count": 11, "count_fp": "11.00", "created_time": "2026-02-25T20:55:44.348512Z", "no_price": 43, "no_price_dollars": "0.4300", "price": 0.57, "taker_side": "no", "ticker": "KXINX-26FEB25H1600-B6937", "trade_id": "c982c8cc-f7ff-5a32-1d43-39cee658e1ef", "yes_price": 57, "yes_price_dollars": "0.5700"}
{"count": 20, "count_fp": "20.00", "created_time": "2026-02-25T20:55:44.348512Z", "no_price": 44, "no_price_dollars": "0.4400", "price": 0.56, "taker_side": "no", "ticker": "KXINX-26FEB25H1600-B6937", "trade_id": "bf9457b6-edc5-556e-3d89-bd5af9fece86", "yes_price": 56, "yes_price_dollars": "0.5600"}
{"count": 10, "count_fp": "10.00", "created_time": "2026-02-25T20:55:44.348512Z", "no_price": 44, "no_price_dollars": "0.4400", "price": 0.56, "taker_side": "no", "ticker": "KXINX-26FEB25H1600-B6937", "trade_id": "1322476c-4adc-5154-3cca-1e7177c0d829", "yes_price": 56, "yes_price_dollars": "0.5600"}
{"count": 7, "count_fp": "7.00", "created_time": "2026-02-25T20:55:42.936397Z", "no_price": 42, "no_price_dollars": "0.4200", "price": 0.58, "taker_side": "no", "ticker": "KXINX-26FEB25H1600-B6937", "trade_id": "6a1b7f8e-c837-68f8-f740-e537cfdad7ea", "yes_price": 58, "yes_price_dollars": "0.5800"}
{"count": 4, "count_fp": "4.00", "created_time": "2026-02-25T20:55:41.538112Z", "no_price": 43, "no_price_dollars": "0.4300", "price": 0.57, "taker_side": "no", "ticker": "KXINX-26FEB25H1600-B6937", "trade_id": "d33f2db6-07e7-5dfb-4bc2-1a3a437565be", "yes_price": 57, "yes_price_dollars": "0.5700"}
{"count": 38, "count_fp": "38.00", "created_time": "2026-02-25T20:55:41.538112Z", "no_price": 43, "no_price_dollars": "0.4300", "price": 0.57, "taker_side": "no", "ticker": "KXINX-26FEB25H1600-B6937", "trade_id": "aafd137b-3d7d-5589-6c84-9cb26edfe79f", "yes_price": 57, "yes_price_dollars": "0.5700"}
{"count": 5, "count_fp": "5.00", "created_time": "2026-02-25T20:55:41.538112Z", "no_price": 43, "no_price_dollars": "0.4300", "price": 0.57, "taker_side": "no", "ticker": "KXINX-26FEB25H1600-B6937", "trade_id": "09f5cc9c-0620-5bfe-50dc-98e54f176460", "yes_price": 57, "yes_price_dollars": "0.5700"}
{"count": 5, "count_fp": "5.00", "created_time": "2026-02-25T20:55:40.952751Z", "no_price": 42, "no_price_dollars": "0.4200", "price": 0.58, "taker_side": "no", "ticker": "KXINX-26FEB25H1600-B6937", "trade_id": "9fc263c8-30fd-497f-f1e8-2abdb7b4bc08", "yes_price": 58, "yes_price_dollars": "0.5800"}
