{"count": 123, "count_fp": "123.00", "created_time": "2026-02-08T20:08:50.467255Z", "no_price": 85, "no_price_dollars": "0.8500", "price": 0.15, "taker_side": "yes", "ticker": "KXINX-26FEB13H1600-B6962", "trade_id": "5eaad613-cd8b-42d0-cb85-e4c60ceb6e47", "yes_price": 15, "yes_price_dollars": "0.1500"}
{"count": 1, "count_fp": "1.00", "created_time": "2026-02-08T20:08:50.467255Z", "no_price": 88, "no_price_dollars": "0.8800", "price": 0.12, "taker_side": "yes", "ticker": "KXINX-26FEB13H1600-B6962", "trade_id": "530cf6f7-ac55-401f-e6fc-8bd436d0258d", "yes_price": 12, "yes_price_dollars": "0.1200"}
{"count": 5, "count_fp": "5.00", "created_time": "2026-02-08T20:08:50.467255Z", "no_price": 89, "no_price_dollars": "0.8900", "price": 0.11, "taker_side": "yes", "ticker": "KXINX-26FEB13H1600-B6962", "trade_id": "3cb7e063-97fb-461b-e32e-4468d9732aac", "yes_price": 11, "yes_price_dollars": "0.1100"}
{"count": 2, "count_fp": "2.00", "created_time": "2026-02-08T20:08:50.467255Z", "no_price": 87, "no_price_dollars": "0.8700", "price": 0.13, "taker_side": "yes", "ticker": "KXINX-26FEB13H1600-B6962", "trade_id": "20f0df61-29ff-4c20-d447-e4430088fdd2", "yes_price": 13, "yes_price_dollars": "0.1300"}
{"count": 57, "count_fp": "57.00", "created_time": "2026-02-08T16:46:28.548339Z", "no_price": 84, "no_price_dollars": "0.8400", "price": 0.16, "taker_side": "yes", "ticker": "KXINX-26FEB09H1600-T7124.9999", "trade_id": "91db11aa-9be7-71b2-70e2-28e8cf7b80c6", "yes_price": 16, "yes_price_dollars": "0.1600"}
{"count": 204, "count_fp": "204.00", "created_time": "2026-02-08T16:46:28.548339Z", "no_price": 95, "no_price_dollars": "0.9500", "price": 0.05, "taker_side": "yes", "ticker": "KXINX-26FEB09H1600-T7124.9999", "trade_id": "6540b8b8-17e9-7f73-5d0a-8a04b64746bb", "yes_price": 5, "yes_price_dollars": "0.0500"}
{"count": 96, "count_fp": "96.00", "created_time": "2026-02-08T14:16:37.717985Z", "no_price": 95, "no_price_dollars": "0.9500", "price": 0.05, "taker_side": "yes", "ticker": "KXINX-26FEB09H1600-T7124.9999", "trade_id": "a43cb368-3d51-7197-4618-1769a4e36feb", "yes_price": 5, "yes_price_dollars": "0.0500"}
{"count": 96, "count_fp": "96.00", "created_time": "2026-02-08T22:51:29.893942Z", "no_price": 97, "no_price_dollars": "0.9700", "price": 0.03, "taker_side": "yes", "ticker": "KXINX-26FEB09H1600-T6425", "trade_id": "cb766356-5999-5475-23ce-be43a10e9d19", "yes_price": 3, "yes_price_dollars": "0.0300"}
{"count": 66, "count_fp": "66.00", "created_time": "2026-02-08T17:53:27.328073Z", "no_price": 87, "no_price_dollars": "0.8700", "price": 0.13, "taker_side": "yes", "ticker": "KXINX-26FEB09H1600-B7012", "trade_id": "93b333aa-7b99-51b3-e364-34f61e7fde71", "yes_price": 13, "yes_price_dollars": "0.1300"}
{"count": 30, "count_fp": "30.00", "created_time": "2026-02-08T23:21:45.488029Z", "no_price": 84, "no_price_dollars": "0.8400", "price": 0.16, "taker_side": "yes", "ticker": "KXINX-26FEB09H1600-B6987", "trade_id": "abd84e17-8c37-53ba-be74-3e022e8dc259", "yes_price": 16, "yes_price_dollars": "0.1600"}
{"count": 32, "count_fp": "32.00", "created_time": "2026-02-08T15:57:27.302813Z", "no_price": 85, "no_price_dollars": "0.8500", "price": 0.15, "taker_side": "yes", "ticker": "KXINX-26FEB09H1600-B6987", "trade_id": "3261d2a4-acc6-5acd-7a08-576f3f4592d7", "yes_price": 15, "yes_price_dollars": "0.1500"}
{"count": 12, "count_fp": "12.00", "created_time": "2026-02-08T22:38:00.167734Z", "no_price": 76, "no_price_dollars": "0.7600", "price": 0.24, "taker_side": "yes", "ticker": "KXINX-26FEB09H1600-B6962", "trade_id": "9adef102-ef0b-767e-04d3-cc545e1299be", "yes_price": 24, "yes_price_dollars": "0.2400"}
{"count": 189, "count_fp": "189.00", "created_time": "2026-02-08T22:10:56.180147Z", "no_price": 76, "no_price_dollars": "0.7600", "price": 0.24, "taker_side": "yes", "ticker": "KXINX-26FEB09H1600-B6962", "trade_id": "5fce9a61-84d7-51ea-1a1e-424557135df2", "yes_price": 24, "yes_price_dollars": "0.2400"}
{"count": 14, "count_fp": "14.00", "created_time": "2026-02-08T22:10:56.180147Z", "no_price": 77, "no_price_dollars": "0.7700", "price": 0.23, "taker_side": "yes", "ticker": "KXINX-26FEB09H1600-B6962", "trade_id": "120a0801-fbbe-529f-2e58-1f3e20b0e364", "yes_price": 23, "yes_price_dollars": "0.2300"}
{"count": 3, "count_fp": "3.00", "created_time": "2026-02-08T21:32:13.409034Z", "no_price": 76, "no_price_dollars": "0.7600", "price": 0.24, "taker_side": "yes", "ticker": "KXINX-26FEB09H1600-B6962", "trade_id": "c0f67342-8357-56da-0e2a-1a5bb1729b62", "yes_price": 24, "yes_price_dollars": "0.2400"}
{"count": 6, "count_fp": "6.00", "created_time": "2026-02-08T19:34:41.539645Z", "no_price": 76, "no_price_dollars": "0.7600", "price": 0.24, "taker_side": "yes", "ticker": "KXINX-26FEB09H1600-B6962", "trade_id": "7c4d58c7-6e6b-4752-f8f4-cf247ecc8aa2", "yes_price": 24, "yes_price_dollars": "0.2400"}
{"count": 11, "count_fp": "11.00", "created_time": "2026-02-08T19:25:13.73862Z", "no_price": 76, "no_price_dollars": "0.7600", "price": 0.24, "taker_side": "yes", "ticker": "KXINX-26FEB09H1600-B6962", "trade_id": "972d893f-9e7f-5d7e-ee19-36b9eddb7c82", "yes_price": 24, "yes_price_dollars": "0.2400"}
{"count": 12, "count_fp": "12.00", "created_time": "2026-02-08T19:25:13.73862Z", "no_price": 80, "no_price_dollars": "0.8000", "price": 0.2, "taker_side": "yes", "ticker": "KXINX-26FEB09H1600-B6962", "trade_id": "3b57c9af-5cf7-58fe-fb49-114d671b1a75", "yes_price": 20, "yes_price_dollars": "0.2000"}
{"count": 3, "count_fp": "3.00", "created_time": "2026-02-08T19:25:13.73862Z", "no_price": 79, "no_price_dollars": "0.7900", "price": 0.21, "taker_side": "yes", "ticker": "KXINX-26FEB09H1600-B6962", "trade_id": "35041760-e8ad-5926-d67f-d2a4a56ea56b", "yes_price": 21, "yes_price_dollars": "0.2100"}
{"count": 4, "count_fp": "4.00", "created_time": "2026-02-08T18:15:30.712017Z", "no_price": 79, "no_price_dollars": "0.7900", "price": 0.21, "taker_side": "yes", "ticker": "KXINX-26FEB09H1600-B6962", "trade_id": "229f2262-5a75-6f72-7b46-82ee1fa76787", "yes_price": 21, "yes_price_dollars": "0.2100"}
{"count": 100, "count_fp": "100.00", "created_time": "2026-02-08T17:05:16.586834Z", "no_price": 79, "no_price_dollars": "0.7900", "price": 0.21, "taker_side": "yes", "ticker": "KXINX-26FEB09H1600-B6962", "trade_id": "73d1923c-71a5-6566-e8df-1c4aae8c18d7", "yes_price": 21, "yes_price_dollars": "0.2100"}
{"count": 43, "count_fp": "43.00", "created_time": "2026-02-08T14:54:41.813911Z", "no_price": 79, "no_price_dollars": "0.7900", "price": 0.21, "taker_side": "yes", "ticker": "KXINX-26FEB09H1600-B6962", "trade_id": "1d1c3468-f349-4146-2254-cadcd643b74b", "yes_price": 21, "yes_price_dollars": "0.2100"}
{"count": 23, "count_fp": "23.00", "created_time": "2026-02-08T13:50:29.56845Z", "no_price": 79, "no_price_dollars": "0.7900", "price": 0.21, "taker_side": "yes", "ticker": "KXINX-26FEB09H1600-B6962", "trade_id": "65f05528-4b31-769a-9199-b097be5a4d1f", "yes_price": 21, "yes_price_dollars": "0.2100"}
{"count": 14, "count_fp": "14.00", "created_time": "2026-02-08T05:20:48.994375Z", "no_price": 77, "no_price_dollars": "0.7700", "price": 0.23, "taker_side": "yes", "ticker": "KXINX-26FEB09H1600-B6962", "trade_id": "aca164db-3cb5-7e1a-60ce-21394c7aa96b", "yes_price": 23, "yes_price_dollars": "0.2300"}
{"count": 63, "count_fp": "63.00", "created_time": "2026-02-08T03:57:56.744125Z", "no_price": 77, "no_price_dollars": "0.7700", "price": 0.23, "taker_side": "yes", "ticker": "KXINX-26FEB09H1600-B6962", "trade_id": "1a97f7af-be29-5fde-1247-383a039d702b", "yes_price": 23, "yes_price_dollars": "0.2300"}
{"count": 2, "count_fp": "2.00", "created_time": "2026-02-08T23:15:52.444853Z", "no_price": 63, "no_price_dollars": "0.6300", "price": 0.37, "taker_side": "yes", "ticker": "KXINX-26FEB09H1600-B6937", "trade_id": "e4f6b8dd-a247-7f08-fd74-aa93334e4eb8", "yes_price": 37, "yes_price_dollars": "0.3700"}
{"count": 84, "count_fp": "84.00", "created_time": "2026-02-08T22:58:21.300649Z", "no_price": 62, "no_price_dollars": "0.6200", "price": 0.38, "taker_side": "yes", "ticker": "KXINX-26FEB09H1600-B6937", "trade_id": "ef21fb24-a4e4-764a-8363-ff3978e71bf5", "yes_price": 38, "yes_price_dollars": "0.3800"}
{"count": 45, "count_fp": "45.00", "created_time": "2026-02-08T22:58:21.300649Z", "no_price": 63, "no_price_dollars": "0.6300", "price": 0.37, "taker_side": "yes", "ticker": "KXINX-26FEB09H1600-B6937", "trade_id": "5812ecd5-14e0-7d06-9fef-d373a6be875c", "yes_price": 37, "yes_price_dollars": "0.3700"}
{"count": 4, "count_fp": "4.00", "created_time": "2026-02-08T22:41:28.760307Z", "no_price": 63, "no_price_dollars": "0.6300", "price": 0.37, "taker_side": "yes", "ticker": "KXINX-26FEB09H1600-B6937", "trade_id": "9f9a571f-2747-44f4-3709-4167de8a267e", "yes_price": 37, "yes_price_dollars": "0.3700"}
{"count": 26, "count_fp": "26.00", "created_time": "2026-02-08T21:56:26.013881Z", "no_price": 63, "no_price_dollars": "0.6300", "price": 0.37, "taker_side": "yes", "ticker": "KXINX-26FEB09H1600-B6937", "trade_id": "3147d5df-d862-6b36-86fb-1043c1d53e26", "yes_price": 37, "yes_price_dollars": "0.3700"}
{"count": 25, "count_fp": "25.00", "created_time": "2026-02-08T21:51:30.615178Z", "no_price": 62, "no_price_dollars": "0.6200", "price": 0.38, "taker_side": "yes", "ticker": "KXINX-26FEB09H1600-B6937", "trade_id": "418d874e-7350-56be-7a3f-dabf4d087de9", "yes_price": 38, "yes_price_dollars": "0.3800"}
{"count": 89, "count_fp": "89.00", "created_time": "2026-02-08T21:43:22.934608Z", "no_price": 62, "no_price_dollars": "0.6200", "price": 0.38, "taker_side": "yes", "ticker": "KXINX-26FEB09H1600-B6937", "trade_id": "384bac4d-cd24-6e96-a7c3-01642c339269", "yes_price": 38, "yes_price_dollars": "0.3800"}
{"count": 27, "count_fp": "27.00", "created_time": "2026-02-08T21:20:40.938334Z", "no_price": 64, "no_price_dollars": "0.6400", "price": 0.36, "taker_side": "yes", "ticker": "KXINX-26FEB09H1600-B6937", "trade_id": "f65a1245-f750-4a42-808a-556919016e51", "yes_price": 36, "yes_price_dollars": "0.3600"}
{"count": 12, "count_fp": "12.00", "created_time": "2026-02-08T20:42:30.753848Z", "no_price": 62, "no_price_dollars": "0.6200", "price": 0.38, "taker_side": "yes", "ticker": "KXINX-26FEB09H1600-B6937", "trade_id": "624b6239-4b34-686a-5ad7-0ac73bc0f705", "yes_price": 38, "yes_price_dollars": "0.3800"}
{"count": 326, "count_fp": "326.00", "created_time": "2026-02-08T19:57:20.473625Z", "no_price": 80, "no_price_dollars": "0.8000", "price": 0.2, "taker_side": "no", "ticker": "KXINX-26FEB09H1600-B6937", "trade_id": "14a1a7ff-a246-5309-0349-21e1174268be", "yes_price": 20, "yes_price_dollars": "0.2000"}
{"count": 26, "count_fp": "26.00", "created_time": "2026-02-08T19:22:31.859917Z", "no_price": 63, "no_price_dollars": "0.6300", "price": 0.37, "taker_side": "yes", "ticker": "KXINX-26FEB09H1600-B6937", "trade_id": "e25a2742-5a97-4fa4-a384-694a002a40e5", "yes_price": 37, "yes_price_dollars": "0.3700"}
{"count": 50, "count_fp": "50.00", "created_time": "2026-02-08T18:54:08.911049Z", "no_price": 61, "no_price_dollars": "0.6100", "price": 0.39, "taker_side": "yes", "ticker": "KXINX-26FEB09H1600-B6937", "trade_id": "41581366-e8a2-5f19-07ad-3b0aa8e90b01", "yes_price": 39, "yes_price_dollars": "0.3900"}
{"count": 38, "count_fp": "38.00", "created_time": "2026-02-08T17:49:59.68013Z", "no_price": 12, "no_price_dollars": "0.1200", "price": 0.88, "taker_side": "yes", "ticker": "KXINX-26FEB09H1600-B6937", "trade_id": "f7a5d84e-7187-5db7-decd-9787229b8fbf", "yes_price": 88, "yes_price_dollars": "0.8800"}
{"count": 9, "count_fp": "9.00", "created_time": "2026-02-08T17:49:59.68013Z", "no_price": 60, "no_price_dollars": "0.6000", "price": 0.4, "taker_side": "yes", "ticker": "KXINX-26FEB09H1600-B6937", "trade_id": "f3779327-7d72-5766-fcc5-0e3385939841", "yes_price": 40, "yes_price_dollars": "0.4000"}
{"count": 12, "count_fp": "12.00", "created_time": "2026-02-08T17:49:59.68013Z", "no_price": 47, "no_price_dollars": "0.4700", "price": 0.53, "taker_side": "yes", "ticker": "KXINX-26FEB09H1600-B6937", "trade_id": "835c4d54-3fd1-59dd-cd79-81074727ee09", "yes_price": 53, "yes_price_dollars": "0.5300"}
{"count": 12, "count_fp": "12.00", "created_time": "2026-02-08T17:49:59.68013Z", "no_price": 19, "no_price_dollars": "0.1900", "price": 0.81, "taker_side": "yes", "ticker": "KXINX-26FEB09H1600-B6937", "trade_id": "752d1cde-afb2-58d5-e107-79eed78490d5", "yes_price": 81, "yes_price_dollars": "0.8100"}
{"count": 100, "count_fp": "100.00", "created_time": "2026-02-08T17:49:59.68013Z", "no_price": 60, "no_price_dollars": "0.6000", "price": 0.4, "taker_side": "yes", "ticker": "KXINX-26FEB09H1600-B6937", "trade_id": "449d85e1-c6e9-57f6-f19b-614e1cc13fca", "yes_price": 40, "yes_price_dollars": "0.4000"}
{"count": 12, "count_fp": "12.00", "created_time": "2026-02-08T17:49:59.68013Z", "no_price": 55, "no_price_dollars": "0.5500", "price": 0.45, "taker_side": "yes", "ticker": "KXINX-26FEB09H1600-B6937", "trade_id": "05590b94-473d-538b-fe48-52f7d0d8ab5a", "yes_price": 45, "yes_price_dollars": "0.4500"}
{"count": 3, "count_fp": "3.00", "created_time": "2026-02-08T17:46:10.736481Z", "no_price": 60, "no_price_dollars": "0.6000", "price": 0.4, "taker_side": "yes", "ticker": "KXINX-26FEB09H1600-B6937", "trade_id": "003d4e68-5b56-55ba-9e14-d78328071fa1", "yes_price": 40, "yes_price_dollars": "0.4000"}
{"count": 12, "count_fp": "12.00", "created_time": "2026-02-08T17:35:41.656317Z", "no_price": 63, "no_price_dollars": "0.6300", "price": 0.37, "taker_side": "yes", "ticker": "KXINX-26FEB09H1600-B6937", "trade_id": "58c6e911-dd37-6629-68a9-83e341088324", "yes_price": 37, "yes_price_dollars": "0.3700"}
{"count": 8, "count_fp": "8.00", "created_time": "2026-02-08T17:35:41.656317Z", "no_price": 60, "no_price_dollars": "0.6000", "price": 0.4, "taker_side": "yes", "ticker": "KXINX-26FEB09H1600-B6937", "trade_id": "3d4bfd98-37d2-6dbe-66de-5ef0dafe53f5", "yes_price": 40, "yes_price_dollars": "0.4000"}
{"count": 2, "count_fp": "2.00", "created_time": "2026-02-08T16:50:52.914791Z", "no_price": 69, "no_price_dollars": "0.6900", "price": 0.31, "taker_side": "yes", "ticker": "KXINX-26FEB09H1600-B6937", "trade_id": "10f7a01c-730c-59e0-d775-1598a1aa0573", "yes_price": 31, "yes_price_dollars": "0.3100"}
{"count": 10, "count_fp": "10.00", "created_time": "2026-02-08T16:07:37.03611Z", "no_price": 69, "no_price_dollars": "0.6900", "price": 0.31, "taker_side": "yes", "ticker": "KXINX-26FEB09H1600-B6937", "trade_id": "c6600210-4be0-7954-6b30-f2e6255f7867", "yes_price": 31, "yes_price_dollars": "0.3100"}
{"count": 188, "count_fp": "188.00", "created_time": "2026-02-08T16:07:37.03611Z", "no_price": 71, "no_price_dollars": "0.7100", "price": 0.29, "taker_side": "yes", "ticker": "KXINX-26FEB09H1600-B6937", "trade_id": "bf7ee049-e166-7886-74ec-4327d5411f2c", "yes_price": 29, "yes_price_dollars": "0.2900"}
{"count": 128, "count_fp": "128.00", "created_time": "2026-02-08T16:07:37.03611Z", "no_price": 72, "no_price_dollars": "0.7200", "price": 0.28, "taker_side": "yes", "ticker": "KXINX-26FEB09H1600-B6937", "trade_id": "63d65b91-d2d5-75c4-51d8-556f6576a554", "yes_price": 28, "yes_price_dollars": "0.2800"}
{"count": 87, "count_fp": "87.00", "created_time": "2026-02-08T15:36:54.626024Z", "no_price": 72, "no_price_dollars": "0.7200", "price": 0.28, "taker_side": "yes", "ticker": "KXINX-26FEB09H1600-B6937", "trade_id": "bdf3fca5-c895-64a0-66f7-e712a91f8dcc", "yes_price": 28, "yes_price_dollars": "0.2800"}
{"count": 6, "count_fp": "6.00", "created_time": "2026-02-08T15:11:43.031665Z", "no_price": 72, "no_price_dollars": "0.7200", "price": 0.28, "taker_side": "yes", "ticker": "KXINX-26FEB09H1600-B6937", "trade_id": "b249290e-30e1-5300-fce9-249531d98dac", "yes_price": 28, "yes_price_dollars": "0.2800"}
{"count": 3, "count_fp": "3.00", "created_time": "2026-02-08T14:50:07.797978Z", "no_price": 72, "no_price_dollars": "0.7200", "price": 0.28, "taker_side": "yes", "ticker": "KXINX-26FEB09H1600-B6937", "trade_id": "31478bb4-831d-7628-b645-e799a467b5e4", "yes_price": 28, "yes_price_dollars": "0.2800"}
{"count": 3, "count_fp": "3.00", "created_time": "2026-02-08T14:34:53.117292Z", "no_price": 72, "no_price_dollars": "0.7200", "price": 0.28, "taker_side": "yes", "ticker": "KXINX-26FEB09H1600-B6937", "trade_id": "4942ca93-fe31-5b28-57f3-88c4a3f0200c", "yes_price": 28, "yes_price_dollars": "0.2800"}
{"count": 3, "count_fp": "3.00", "created_time": "2026-02-08T14:16:04.648717Z", "no_price": 72, "no_price_dollars": "0.7200", "price": 0.28, "taker_side": "yes", "ticker": "KXINX-26FEB09H1600-B6937", "trade_id": "80d09f77-598d-42f4-7a59-3ed2159409d0", "yes_price": 28, "yes_price_dollars": "0.2800"}
{"count": 17, "count_fp": "17.00", "created_time": "2026-02-08T14:14:45.089346Z", "no_price": 72, "no_price_dollars": "0.7200", "price": 0.28, "taker_side": "yes", "ticker": "KXINX-26FEB09H1600-B6937", "trade_id": "2099812e-c85d-4d9c-1a54-5a0b9da78b08", "yes_price": 28, "yes_price_dollars": "0.2800"}
{"count": 3, "count_fp": "3.00", "created_time": "2026-02-08T14:06:54.425925Z", "no_price": 72, "no_price_dollars": "0.7200", "price": 0.28, "taker_side": "yes", "ticker": "KXINX-26FEB09H1600-B6937", "trade_id": "f9bdfa25-fdf9-4adc-1b2f-8a7fcc9638d8", "yes_price": 28, "yes_price_dollars": "0.2800"}
{"count": 24, "count_fp": "24.00", "created_time": "2026-02-08T13:17:58.494647Z", "no_price": 75, "no_price_dollars": "0.7500", "price": 0.25, "taker_side": "yes", "ticker": "KXINX-26FEB09H1600-B6937", "trade_id": "3240cbe4-0c74-629f-f39a-742ef5a70955", "yes_price": 25, "yes_price_dollars": "0.2500"}
{"count": 12, "count_fp": "12.00", "created_time": "2026-02-08T13:17:58.494647Z", "no_price": 71, "no_price_dollars": "0.7100", "price": 0.29, "taker_side": "yes", "ticker": "KXINX-26FEB09H1600-B6937", "trade_id": "0c75216d-255e-6f1e-f27a-b3ebfe9c73f4", "yes_price": 29, "yes_price_dollars": "0.2900"}
{"count": 11, "count_fp": "11.00", "created_time": "2026-02-08T12:59:21.875254Z", "no_price": 86, "no_price_dollars": "0.8600", "price": 0.14, "taker_side": "no", "ticker": "KXINX-26FEB09H1600-B6937", "trade_id": "f6db082f-3f43-6ed2-0206-4df93b7728b4", "yes_price": 14, "yes_price_dollars": "0.1400"}
{"count": 19, "count_fp": "19.00", "created_time": "2026-02-08T09:25:20.251141Z", "no_price": 75, "no_price_dollars": "0.7500", "price": 0.25, "taker_side": "yes", "ticker": "KXINX-26FEB09H1600-B6937", "trade_id": "e64cf59c-bee8-6e5b-c716-a07726fc7339", "yes_price": 25, "yes_price_dollars": "0.2500"}
{"count": 20, "count_fp": "20.00", "created_time": "2026-02-08T08:04:26.96682Z", "no_price": 76, "no_price_dollars": "0.7600", "price": 0.24, "taker_side": "yes", "ticker": "KXINX-26FEB09H1600-B6937", "trade_id": "7963d134-3a60-6465-3084-c04cd4ef4777", "yes_price": 24, "yes_price_dollars": "0.2400"}
{"count": 80, "count_fp": "80.00", "created_time": "2026-02-08T08:04:26.96682Z", "no_price": 75, "no_price_dollars": "0.7500", "price": 0.25, "taker_side": "yes", "ticker": "KXINX-26FEB09H1600-B6937", "trade_id": "0a870a07-aa90-6157-010f-7084bd8c6035", "yes_price": 25, "yes_price_dollars": "0.2500"}
{"count": 20, "count_fp": "20.00", "created_time": "2026-02-08T07:57:32.47007Z", "no_price": 76, "no_price_dollars": "0.7600", "price": 0.24, "taker_side": "yes", "ticker": "KXINX-26FEB09H1600-B6937", "trade_id": "9a00329e-a0f8-4741-23e9-896b14428cab", "yes_price": 24, "yes_price_dollars": "0.2400"}
{"count": 40, "count_fp": "40.00", "created_time": "2026-02-08T07:08:19.209329Z", "no_price": 76, "no_price_dollars": "0.7600", "price": 0.24, "taker_side": "yes", "ticker": "KXINX-26FEB09H1600-B6937", "trade_id": "aa44dd9d-bca4-426d-59a1-ddb30558cc47", "yes_price": 24, "yes_price_dollars": "0.2400"}
{"count": 20, "count_fp": "20.00", "created_time": "2026-02-08T06:23:57.945889Z", "no_price": 76, "no_price_dollars": "0.7600", "price": 0.24, "taker_side": "yes", "ticker": "KXINX-26FEB09H1600-B6937", "trade_id": "19a1d9cf-5fd8-7729-ee7a-a9d93d8fa46b", "yes_price": 24, "yes_price_dollars": "0.2400"}
{"count": 100, "count_fp": "100.00", "created_time": "2026-02-08T06:01:02.995087Z", "no_price": 88, "no_price_dollars": "0.8800", "price": 0.12, "taker_side": "no", "ticker": "KXINX-26FEB09H1600-B6937", "trade_id": "fc04ac76-1493-68b6-4e0c-5eb49490c184", "yes_price": 12, "yes_price_dollars": "0.1200"}
{"count": 15, "count_fp": "15.00", "created_time": "2026-02-08T05:34:37.497974Z", "no_price": 75, "no_price_dollars": "0.7500", "price": 0.25, "taker_side": "yes", "ticker": "KXINX-26FEB09H1600-B6937", "trade_id": "fe08c6de-2730-43a7-11d1-2f03136c532d", "yes_price": 25, "yes_price_dollars": "0.2500"}
{"count": 4, "count_fp": "4.00", "created_time": "2026-02-08T05:34:37.497974Z", "no_price": 76, "no_price_dollars": "0.7600", "price": 0.24, "taker_side": "yes", "ticker": "KXINX-26FEB09H1600-B6937", "trade_id": "9cbaafa1-c17c-4fe6-1c68-1e8cad7edda5", "yes_price": 24, "yes_price_dollars": "0.2400"}
{"count": 19, "count_fp": "19.00", "created_time": "2026-02-08T05:18:52.057792Z", "no_price": 75, "no_price_dollars": "0.7500", "price": 0.25, "taker_side": "yes", "ticker": "KXINX-26FEB09H1600-B6937", "trade_id": "eb90bc98-4098-7a93-2799-04fdb74e4ce9", "yes_price": 25, "yes_price_dollars": "0.2500"}
{"count": 19, "count_fp": "19.00", "created_time": "2026-02-08T05:15:33.868932Z", "no_price": 75, "no_price_dollars": "0.7500", "price": 0.25, "taker_side": "yes", "ticker": "KXINX-26FEB09H1600-B6937", "trade_id": "e0c8cad3-26c8-704f-16cf-f5642afc25e5", "yes_price": 25, "yes_price_dollars": "0.2500"}
{"count": 41, "count_fp": "41.00", "created_time": "2026-02-08T04:42:03.439021Z", "no_price": 76, "no_price_dollars": "0.7600", "price": 0.24, "taker_side": "yes", "ticker": "KXINX-26FEB09H1600-B6937", "trade_id": "59d88d00-f9b8-4c0a-1acc-68486b47a6e7", "yes_price": 24, "yes_price_dollars": "0.2400"}
{"count": 36, "count_fp": "36.00", "created_time": "2026-02-08T04:42:03.439021Z", "no_price": 75, "no_price_dollars": "0.7500", "price": 0.25, "taker_side": "yes", "ticker": "KXINX-26FEB09H1600-B6937", "trade_id": "3e6e5c2a-5860-413f-2652-f78abd7650a5", "yes_price": 25, "yes_price_dollars": "0.2500"}
{"count": 38, "count_fp": "38.00", "created_time": "2026-02-08T04:30:54.790417Z", "no_price": 75, "no_price_dollars": "0.7500", "price": 0.25, "taker_side": "yes", "ticker": "KXINX-26FEB09H1600-B6937", "trade_id": "95e6dc23-6394-53ab-3fd5-ec410013921d", "yes_price": 25, "yes_price_dollars": "0.2500"}
{"count": 12, "count_fp": "12.00", "created_time": "2026-02-08T03:52:40.784581Z", "no_price": 76, "no_price_dollars": "0.7600", "price": 0.24, "taker_side": "yes", "ticker": "KXINX-26FEB09H1600-B6937", "trade_id": "ea1a7337-05fb-7ba6-1f6b-7f6b71681059", "yes_price": 24, "yes_price_dollars": "0.2400"}
{"count": 3, "count_fp": "3.00", "created_time": "2026-02-08T23:56:31.808216Z", "no_price": 61, "no_price_dollars": "0.6100", "price": 0.39, "taker_side": "yes", "ticker": "KXINX-26FEB09H1600-B6912", "trade_id": "e669debb-a9d6-47bd-5b15-8ecf3de2b16a", "yes_price": 39, "yes_price_dollars": "0.3900"}
{"count": 1, "count_fp": "1.00", "created_time": "2026-02-08T23:56:31.808216Z", "no_price": 12, "no_price_dollars": "0.1200", "price": 0.88, "taker_side": "yes", "ticker": "KXINX-26FEB09H1600-B6912", "trade_id": "bb94e0f4-5c51-4120-6a21-e470ba764e7d", "yes_price": 88, "yes_price_dollars": "0.8800"}
{"count": 5, "count_fp": "5.00", "created_time": "2026-02-08T23:56:31.808216Z", "no_price": 60, "no_price_dollars": "0.6000", "price": 0.4, "taker_side": "yes", "ticker": "KXINX-26FEB09H1600-B6912", "trade_id": "b023a48b-d41a-45b4-4c31-db66540f0468", "yes_price": 40, "yes_price_dollars": "0.4000"}
{"count": 209, "count_fp": "209.00", "created_time": "2026-02-08T22:06:05.484277Z", "no_price": 74, "no_price_dollars": "0.7400", "price": 0.26, "taker_side": "yes", "ticker": "KXINX-26FEB09H1600-B6912", "trade_id": "25178e65-3a54-518c-baf0-98be9b8cf96b", "yes_price": 26, "yes_price_dollars": "0.2600"}
{"count": 5, "count_fp": "5.00", "created_time": "2026-02-08T22:06:05.484277Z", "no_price": 60, "no_price_dollars": "0.6000", "price": 0.4, "taker_side": "yes", "ticker": "KXINX-26FEB09H1600-B6912", "trade_id": "19469bd6-6cee-54d0-885d-0c3a14cf9268", "yes_price": 40, "yes_price_dollars": "0.4000"}
{"count": 7, "count_fp": "7.00", "created_time": "2026-02-08T21:40:52.412117Z", "no_price": 74, "no_price_dollars": "0.7400", "price": 0.26, "taker_side": "yes", "ticker": "KXINX-26FEB09H1600-B6912", "trade_id": "6d80d97c-2ba4-4f84-808c-bc9865969617", "yes_price": 26, "yes_price_dollars": "0.2600"}
{"count": 18, "count_fp": "18.00", "created_time": "2026-02-08T21:04:13.53604Z", "no_price": 74, "no_price_dollars": "0.7400", "price": 0.26, "taker_side": "yes", "ticker": "KXINX-26FEB09H1600-B6912", "trade_id": "7af0a09f-ecd8-5530-e6a8-7e4ff0358d2f", "yes_price": 26, "yes_price_dollars": "0.2600"}
{"count": 7, "count_fp": "7.00", "created_time": "2026-02-08T20:30:37.778633Z", "no_price": 74, "no_price_dollars": "0.7400", "price": 0.26, "taker_side": "yes", "ticker": "KXINX-26FEB09H1600-B6912", "trade_id": "54ec6f3f-6f18-6ce0-f3f8-5245c53fcc9b", "yes_price": 26, "yes_price_dollars": "0.2600"}
{"count": 3, "count_fp": "3.00", "created_time": "2026-02-08T20:23:38.366669Z", "no_price": 74, "no_price_dollars": "0.7400", "price": 0.26, "taker_side": "yes", "ticker": "KXINX-26FEB09H1600-B6912", "trade_id": "2d9a1721-54a4-421c-13ab-9becc95e381b", "yes_price": 26, "yes_price_dollars": "0.2600"}
{"count": 13, "count_fp": "13.00", "created_time": "2026-02-08T20:11:26.474254Z", "no_price": 75, "no_price_dollars": "0.7500", "price": 0.25, "taker_side": "yes", "ticker": "KXINX-26FEB09H1600-B6912", "trade_id": "f620941e-5761-4041-319a-0e8fe702a027", "yes_price": 25, "yes_price_dollars": "0.2500"}
{"count": 6, "count_fp": "6.00", "created_time": "2026-02-08T20:11:26.474254Z", "no_price": 74, "no_price_dollars": "0.7400", "price": 0.26, "taker_side": "yes", "ticker": "KXINX-26FEB09H1600-B6912", "trade_id": "e4fd7c86-a7c4-4b24-1210-d12e52c1aab7", "yes_price": 26, "yes_price_dollars": "0.2600"}
{"count": 19, "count_fp": "19.00", "created_time": "2026-02-08T20:08:40.010577Z", "no_price": 87, "no_price_dollars": "0.8700", "price": 0.13, "taker_side": "no", "ticker": "KXINX-26FEB09H1600-B6912", "trade_id": "a10e2c36-600b-73c1-e335-13eb9f8b0f4d", "yes_price": 13, "yes_price_dollars": "0.1300"}
{"count": 20, "count_fp": "20.00", "created_time": "2026-02-08T19:22:37.767159Z", "no_price": 76, "no_price_dollars": "0.7600", "price": 0.24, "taker_side": "yes", "ticker": "KXINX-26FEB09H1600-B6912", "trade_id": "0c66f3a5-089e-62b5-1c9f-b480249c2586", "yes_price": 24, "yes_price_dollars": "0.2400"}
{"count": 8, "count_fp": "8.00", "created_time": "2026-02-08T18:55:31.807741Z", "no_price": 75, "no_price_dollars": "0.7500", "price": 0.25, "taker_side": "yes", "ticker": "KXINX-26FEB09H1600-B6912", "trade_id": "c273f205-057d-79d1-9cf0-2d3f75939053", "yes_price": 25, "yes_price_dollars": "0.2500"}
{"count": 32, "count_fp": "32.00", "created_time": "2026-02-08T18:55:31.807741Z", "no_price": 76, "no_price_dollars": "0.7600", "price": 0.24, "taker_side": "yes", "ticker": "KXINX-26FEB09H1600-B6912", "trade_id": "2003e341-b6c1-709c-a78c-d1890f849f43", "yes_price": 24, "yes_price_dollars": "0.2400"}
{"count": 19, "count_fp": "19.00", "created_time": "2026-02-08T18:36:00.577415Z", "no_price": 75, "no_price_dollars": "0.7500", "price": 0.25, "taker_side": "yes", "ticker": "KXINX-26FEB09H1600-B6912", "trade_id": "25a96c08-bd15-6fd9-7151-52c6717fd1b7", "yes_price": 25, "yes_price_dollars": "0.2500"}
{"count": 38, "count_fp": "38.00", "created_time": "2026-02-08T18:23:39.448026Z", "no_price": 75, "no_price_dollars": "0.7500", "price": 0.25, "taker_side": "yes", "ticker": "KXINX-26FEB09H1600-B6912", "trade_id": "f763cf6f-1425-73cd-6a46-3e532b7bf03f", "yes_price": 25, "yes_price_dollars": "0.2500"}
{"count": 19, "count_fp": "19.00", "created_time": "2026-02-08T17:51:12.119279Z", "no_price": 75, "no_price_dollars": "0.7500", "price": 0.25, "taker_side": "yes", "ticker": "KXINX-26FEB09H1600-B6912", "trade_id": "cc87ebad-2611-5aa9-f7ab-9ea6699b6b7b", "yes_price": 25, "yes_price_dollars": "0.2500"}
{"count": 24, "count_fp": "24.00", "created_time": "2026-02-08T17:36:48.515993Z", "no_price": 75, "no_price_dollars": "0.7500", "price": 0.25, "taker_side": "yes", "ticker": "KXINX-26FEB09H1600-B6912", "trade_id": "b7a8dd19-da4b-7c07-e330-b45cff84348f", "yes_price": 25, "yes_price_dollars": "0.2500"}
{"count": 3, "count_fp": "3.00", "created_time": "2026-02-08T17:36:48.515993Z", "no_price": 75, "no_price_dollars": "0.7500", "price": 0.25, "taker_side": "yes", "ticker": "KXINX-26FEB09H1600-B6912", "trade_id": "4806c748-37a1-7689-d542-c61b37aaf2af", "yes_price": 25, "yes_price_dollars": "0.2500"}
{"count": 38, "count_fp": "38.00", "created_time": "2026-02-08T15:50:45.185237Z", "no_price": 75, "no_price_dollars": "0.7500", "price": 0.25, "taker_side": "yes", "ticker": "KXINX-26FEB09H1600-B6912", "trade_id": "9cc160d5-f5b3-79db-5df8-6a113cb05833", "yes_price": 25, "yes_price_dollars": "0.2500"}
{"count": 38, "count_fp": "38.00", "created_time": "2026-02-08T15:21:15.635901Z", "no_price": 75, "no_price_dollars": "0.7500", "price": 0.25, "taker_side": "yes", "ticker": "KXINX-26FEB09H1600-B6912", "trade_id": "47060baf-b37f-4793-a26b-7c8521db1f3f", "yes_price": 25, "yes_price_dollars": "0.2500"}
{"count": 7, "count_fp": "7.00", "created_time": "2026-02-08T11:21:32.171787Z", "no_price": 73, "no_price_dollars": "0.7300", "price": 0.27, "taker_side": "yes", "ticker": "KXINX-26FEB09H1600-B6912", "trade_id": "683821f6-4dd9-7fe9-8323-dedb3e6f6f73", "yes_price": 27, "yes_price_dollars": "0.2700"}
{"count": 6, "count_fp": "6.00", "created_time": "2026-02-08T05:26:34.771286Z", "no_price": 70, "no_price_dollars": "0.7000", "price": 0.3, "taker_side": "yes", "ticker": "KXINX-26FEB09H1600-B6912", "trade_id": "6c1a1875-308d-7109-9484-34c78a671937", "yes_price": 30, "yes_price_dollars": "0.3000"}
{"count": 102, "count_fp": "102.00", "created_time": "2026-02-08T05:13:36.658116Z", "no_price": 81, "no_price_dollars": "0.8100", "price": 0.19, "taker_side": "yes", "ticker": "KXINX-26FEB09H1600-B6912", "trade_id": "ecd1d088-ba93-695a-d6d0-da3a00c41ec7", "yes_price": 19, "yes_price_dollars": "0.1900"}
{"count": 20, "count_fp": "20.00", "created_time": "2026-02-08T05:13:36.658116Z", "no_price": 82, "no_price_dollars": "0.8200", "price": 0.18, "taker_side": "yes", "ticker": "KXINX-26FEB09H1600-B6912", "trade_id": "df698a22-89b3-6195-d278-9c32ff8ee2d1", "yes_price": 18, "yes_price_dollars": "0.1800"}
{"count": 12, "count_fp": "12.00", "created_time": "2026-02-08T05:13:36.658116Z", "no_price": 63, "no_price_dollars": "0.6300", "price": 0.37, "taker_side": "yes", "ticker": "KXINX-26FEB09H1600-B6912", "trade_id": "d03b8ce9-2c1d-657a-f9f6-769ff768e7ab", "yes_price": 37, "yes_price_dollars": "0.3700"}
{"count": 12, "count_fp": "12.00", "created_time": "2026-02-08T05:13:36.658116Z", "no_price": 69, "no_price_dollars": "0.6900", "price": 0.31, "taker_side": "yes", "ticker": "KXINX-26FEB09H1600-B6912", "trade_id": "cc802470-eb5d-625b-e569-a7ad866d3951", "yes_price": 31, "yes_price_dollars": "0.3100"}
{"count": 12, "count_fp": "12.00", "created_time": "2026-02-08T05:13:36.658116Z", "no_price": 19, "no_price_dollars": "0.1900", "price": 0.81, "taker_side": "yes", "ticker": "KXINX-26FEB09H1600-B6912", "trade_id": "c6578303-b5a7-6f8d-c3d8-0ff24b98d58d", "yes_price": 81, "yes_price_dollars": "0.8100"}
{"count": 108, "count_fp": "108.00", "created_time": "2026-02-08T05:13:36.658116Z", "no_price": 80, "no_price_dollars": "0.8000", "price": 0.2, "taker_side": "yes", "ticker": "KXINX-26FEB09H1600-B6912", "trade_id": "80f378d2-cf88-6fe5-d284-1a06274a270a", "yes_price": 20, "yes_price_dollars": "0.2000"}
{"count": 10, "count_fp": "10.00", "created_time": "2026-02-08T05:13:36.658116Z", "no_price": 60, "no_price_dollars": "0.6000", "price": 0.4, "taker_side": "yes", "ticker": "KXINX-26FEB09H1600-B6912", "trade_id": "7449880f-cee4-6371-c47d-14534b3282f9", "yes_price": 40, "yes_price_dollars": "0.4000"}
{"count": 12, "count_fp": "12.00", "created_time": "2026-02-08T05:13:36.658116Z", "no_price": 47, "no_price_dollars": "0.4700", "price": 0.53, "taker_side": "yes", "ticker": "KXINX-26FEB09H1600-B6912", "trade_id": "648648a4-d70b-6ffa-ee79-3376fa60481d", "yes_price": 53, "yes_price_dollars": "0.5300"}
{"count": 15, "count_fp": "15.00", "created_time": "2026-02-08T05:13:36.658116Z", "no_price": 13, "no_price_dollars": "0.1300", "price": 0.87, "taker_side": "yes", "ticker": "KXINX-26FEB09H1600-B6912", "trade_id": "5b457c08-ecef-6dc5-ecd9-51ffea062f8a", "yes_price": 87, "yes_price_dollars": "0.8700"}
{"count": 12, "count_fp": "12.00", "created_time": "2026-02-08T05:13:36.658116Z", "no_price": 55, "no_price_dollars": "0.5500", "price": 0.45, "taker_side": "yes", "ticker": "KXINX-26FEB09H1600-B6912", "trade_id": "422f1a9f-f178-64b9-e7a7-78f699b15de0", "yes_price": 45, "yes_price_dollars": "0.4500"}
{"count": 7, "count_fp": "7.00", "created_time": "2026-02-08T05:13:36.658116Z", "no_price": 12, "no_price_dollars": "0.1200", "price": 0.88, "taker_side": "yes", "ticker": "KXINX-26FEB09H1600-B6912", "trade_id": "3b5fa448-1fd9-60ec-ee41-c710c6aa3f35", "yes_price": 88, "yes_price_dollars": "0.8800"}
{"count": 10, "count_fp": "10.00", "created_time": "2026-02-08T03:25:30.252179Z", "no_price": 81, "no_price_dollars": "0.8100", "price": 0.19, "taker_side": "yes", "ticker": "KXINX-26FEB09H1600-B6912", "trade_id": "143bf646-027f-5aba-dafc-9336d24b3c73", "yes_price": 19, "yes_price_dollars": "0.1900"}
{"count": 5, "count_fp": "5.00", "created_time": "2026-02-08T03:07:30.240383Z", "no_price": 82, "no_price_dollars": "0.8200", "price": 0.18, "taker_side": "yes", "ticker": "KXINX-26FEB09H1600-B6912", "trade_id": "b447e2ac-c20d-4466-59a0-5cb31f478e9f", "yes_price": 18, "yes_price_dollars": "0.1800"}
{"count": 16, "count_fp": "16.00", "created_time": "2026-02-08T01:52:53.110801Z", "no_price": 82, "no_price_dollars": "0.8200", "price": 0.18, "taker_side": "yes", "ticker": "KXINX-26FEB09H1600-B6912", "trade_id": "2f9dd3b4-95c3-5dec-f922-c4617394e83d", "yes_price": 18, "yes_price_dollars": "0.1800"}
{"count": 11, "count_fp": "11.00", "created_time": "2026-02-08T22:38:22.521841Z", "no_price": 75, "no_price_dollars": "0.7500", "price": 0.25, "taker_side": "yes", "ticker": "KXINX-26FEB09H1600-B6887", "trade_id": "ff464f86-cb5b-4030-7ab2-874bc17a2b54", "yes_price": 25, "yes_price_dollars": "0.2500"}
{"count": 6, "count_fp": "6.00", "created_time": "2026-02-08T20:40:43.878061Z", "no_price": 76, "no_price_dollars": "0.7600", "price": 0.24, "taker_side": "yes", "ticker": "KXINX-26FEB09H1600-B6887", "trade_id": "76c3d42a-843f-48fc-37a7-2f55bf823ba8", "yes_price": 24, "yes_price_dollars": "0.2400"}
{"count": 79, "count_fp": "79.00", "created_time": "2026-02-08T14:22:21.032666Z", "no_price": 80, "no_price_dollars": "0.8000", "price": 0.2, "taker_side": "yes", "ticker": "KXINX-26FEB09H1600-B6887", "trade_id": "ffc7e1dc-10ae-639e-e851-cb41d7213873", "yes_price": 20, "yes_price_dollars": "0.2000"}
{"count": 95, "count_fp": "95.00", "created_time": "2026-02-08T14:22:21.032666Z", "no_price": 76, "no_price_dollars": "0.7600", "price": 0.24, "taker_side": "yes", "ticker": "KXINX-26FEB09H1600-B6887", "trade_id": "d52fc752-093d-607c-fb0c-c4bdcb9507e4", "yes_price": 24, "yes_price_dollars": "0.2400"}
{"count": 1, "count_fp": "1.00", "created_time": "2026-02-08T14:22:21.032666Z", "no_price": 75, "no_price_dollars": "0.7500", "price": 0.25, "taker_side": "yes", "ticker": "KXINX-26FEB09H1600-B6887", "trade_id": "c5637f5c-867c-690d-e667-42367aaeb230", "yes_price": 25, "yes_price_dollars": "0.2500"}
{"count": 21, "count_fp": "21.00", "created_time": "2026-02-08T05:19:01.020219Z", "no_price": 77, "no_price_dollars": "0.7700", "price": 0.23, "taker_side": "yes", "ticker": "KXINX-26FEB09H1600-B6887", "trade_id": "d5b4c959-751a-7c42-6cb2-8807ba75db6f", "yes_price": 23, "yes_price_dollars": "0.2300"}
{"count": 9, "count_fp": "9.00", "created_time": "2026-02-08T15:51:15.187818Z", "no_price": 79, "no_price_dollars": "0.7900", "price": 0.21, "taker_side": "yes", "ticker": "KXINX-26FEB09H1600-B6862", "trade_id": "83a622e8-12f3-7025-f4f9-205efc8b1f07", "yes_price": 21, "yes_price_dollars": "0.2100"}
{"count": 243, "count_fp": "243.00", "created_time": "2026-02-08T14:23:26.823114Z", "no_price": 80, "no_price_dollars": "0.8000", "price": 0.2, "taker_side": "yes", "ticker": "KXINX-26FEB09H1600-B6862", "trade_id": "e7ec5a76-a556-6f61-ab01-ae59c2b37a92", "yes_price": 20, "yes_price_dollars": "0.2000"}
{"count": 23, "count_fp": "23.00", "created_time": "2026-02-08T21:43:57.497326Z", "no_price": 79, "no_price_dollars": "0.7900", "price": 0.21, "taker_side": "yes", "ticker": "KXINX-26FEB09H1600-B6837", "trade_id": "bb070515-cc6c-6a18-617d-69b236e5672a", "yes_price": 21, "yes_price_dollars": "0.2100"}
{"count": 46, "count_fp": "46.00", "created_time": "2026-02-08T14:20:15.210981Z", "no_price": 79, "no_price_dollars": "0.7900", "price": 0.21, "taker_side": "yes", "ticker": "KXINX-26FEB09H1600-B6837", "trade_id": "d4486296-a468-77c3-9274-ce661f607d3b", "yes_price": 21, "yes_price_dollars": "0.2100"}
{"count": 48, "count_fp": "48.00", "created_time": "2026-02-08T14:19:52.46529Z", "no_price": 80, "no_price_dollars": "0.8000", "price": 0.2, "taker_side": "yes", "ticker": "KXINX-26FEB09H1600-B6812", "trade_id": "a792546e-df89-4d55-0163-7661499dbc80", "yes_price": 20, "yes_price_dollars": "0.2000"}
{"count": 5, "count_fp": "5.00", "created_time": "2026-02-08T23:23:58.344005Z", "no_price": 75, "no_price_dollars": "0.7500", "price": 0.25, "taker_side": "yes", "ticker": "KXINX-26FEB09H1600-B6787", "trade_id": "f86009ed-1889-62c9-0429-d8ed10ec9ccb", "yes_price": 25, "yes_price_dollars": "0.2500"}
{"count": 95, "count_fp": "95.00", "created_time": "2026-02-08T23:23:58.344005Z", "no_price": 76, "no_price_dollars": "0.7600", "price": 0.24, "taker_side": "yes", "ticker": "KXINX-26FEB09H1600-B6787", "trade_id": "9c512bb1-2b08-6b76-254b-4ca04399ccc5", "yes_price": 24, "yes_price_dollars": "0.2400"}
{"count": 193, "count_fp": "193.00", "created_time": "2026-02-08T21:09:56.611231Z", "no_price": 98, "no_price_dollars": "0.9800", "price": 0.02, "taker_side": "yes", "ticker": "KXINX-26FEB09H1600-B6512", "trade_id": "0b51d8a2-1df1-58d1-a525-d3cb4a08c626", "yes_price": 2, "yes_price_dollars": "0.0200"}
{"count": 241, "count_fp": "241.00", "created_time": "2026-02-08T14:03:47.522207Z", "no_price": 98, "no_price_dollars": "0.9800", "price": 0.02, "taker_side": "yes", "ticker": "KXINX-26FEB09H1600-B6512", "trade_id": "1adf1710-9235-46c5-d562-01b17c6fcdc2", "yes_price": 2, "yes_price_dollars": "0.0200"}
{"count": 10, "count_fp": "10.00", "created_time": "2026-02-08T03:45:53.541114Z", "no_price": 98, "no_price_dollars": "0.9800", "price": 0.02, "taker_side": "yes", "ticker": "KXINX-26FEB09H1600-B6512", "trade_id": "235d54a1-d3e5-4fa1-7384-571a235774fe", "yes_price": 2, "yes_price_dollars": "0.0200"}
{"count": 483, "count_fp": "483.00", "created_time": "2026-02-08T14:07:31.168371Z", "no_price": 99, "no_price_dollars": "0.9900", "price": 0.01, "taker_side": "yes", "ticker": "KXINX-26FEB09H1600-B6487", "trade_id": "6a7404bb-a89d-6fb5-e9e1-4b123141f4e1", "yes_price": 1, "yes_price_dollars": "0.0100"}
{"count": 96, "count_fp": "96.00", "created_time": "2026-02-08T21:19:15.215239Z", "no_price": 99, "no_price_dollars": "0.9900", "price": 0.01, "taker_side": "yes", "ticker": "KXINX-26FEB09H1600-B6437", "trade_id": "1b177f1f-9953-7250-4c42-bbaad761ba63", "yes_price": 1, "yes_price_dollars": "0.0100"}
{"count": 193, "count_fp": "193.00", "created_time": "2026-02-08T19:54:09.652591Z", "no_price": 99, "no_price_dollars": "0.9900", "price": 0.01, "taker_side": "yes", "ticker": "KXINX-26FEB09H1600-B6437", "trade_id": "08dbb85d-f667-6194-8d10-ed8157718d7b", "yes_price": 1, "yes_price_dollars": "0.0100"}
{"count": 23, "count_fp": "23.00", "created_time": "2026-02-08T14:04:15.51814Z", "no_price": 99, "no_price_dollars": "0.9900", "price": 0.01, "taker_side": "no", "ticker": "KXINXU-26FEB09H1600-T7199.9999", "trade_id": "62435fb9-8eaf-7481-e916-7d99de55afde", "yes_price": 1, "yes_price_dollars": "0.0100"}
{"count": 23, "count_fp": "23.00", "created_time": "2026-02-08T00:40:43.961618Z", "no_price": 81, "no_price_dollars": "0.8100", "price": 0.19, "taker_side": "yes", "ticker": "KXINXU-26FEB09H1600-T7199.9999", "trade_id": "2f4bb872-67f5-6e65-b509-ad17f38b1c7e", "yes_price": 19, "yes_price_dollars": "0.1900"}
{"count": 191, "count_fp": "191.00", "created_time": "2026-02-08T23:16:28.747736Z", "no_price": 80, "no_price_dollars": "0.8000", "price": 0.2, "taker_side": "no", "ticker": "KXINXU-26FEB09H1600-T6974.9999", "trade_id": "5ffb5fd3-ebe6-6c94-eaba-1891858ac6d0", "yes_price": 20, "yes_price_dollars": "0.2000"}
{"count": 5, "count_fp": "5.00", "created_time": "2026-02-08T23:15:04.900619Z", "no_price": 79, "no_price_dollars": "0.7900", "price": 0.21, "taker_side": "no", "ticker": "KXINXU-26FEB09H1600-T6974.9999", "trade_id": "c0582e8e-3f25-48e5-7404-386304e97dae", "yes_price": 21, "yes_price_dollars": "0.2100"}
{"count": 2, "count_fp": "2.00", "created_time": "2026-02-08T21:54:41.222082Z", "no_price": 25, "no_price_dollars": "0.2500", "price": 0.75, "taker_side": "yes", "ticker": "KXINXU-26FEB09H1600-T6974.9999", "trade_id": "ff55fc34-6ab9-4747-c7f4-ecda8ffbd424", "yes_price": 75, "yes_price_dollars": "0.7500"}
{"count": 2, "count_fp": "2.00", "created_time": "2026-02-08T21:49:24.492352Z", "no_price": 25, "no_price_dollars": "0.2500", "price": 0.75, "taker_side": "yes", "ticker": "KXINXU-26FEB09H1600-T6974.9999", "trade_id": "bc602979-4299-4ee7-decc-02485813d854", "yes_price": 75, "yes_price_dollars": "0.7500"}
{"count": 1, "count_fp": "1.00", "created_time": "2026-02-08T06:44:20.824542Z", "no_price": 5, "no_price_dollars": "0.0500", "price": 0.95, "taker_side": "yes", "ticker": "KXINXU-26FEB09H1600-T6974.9999", "trade_id": "a8e286f4-e63e-7b9a-c32d-85ba716b3555", "yes_price": 95, "yes_price_dollars": "0.9500"}
{"count": 9, "count_fp": "9.00", "created_time": "2026-02-08T02:24:19.25777Z", "no_price": 80, "no_price_dollars": "0.8000", "price": 0.2, "taker_side": "no", "ticker": "KXINXU-26FEB09H1600-T6974.9999", "trade_id": "af2b7600-ac2a-5140-1363-848481553900", "yes_price": 20, "yes_price_dollars": "0.2000"}
{"count": 2, "count_fp": "2.00", "created_time": "2026-02-08T21:52:09.091561Z", "no_price": 12, "no_price_dollars": "0.1200", "price": 0.88, "taker_side": "yes", "ticker": "KXINXU-26FEB09H1600-T6949.9999", "trade_id": "46cb95fd-bb01-67e6-92f5-183b587aff91", "yes_price": 88, "yes_price_dollars": "0.8800"}
{"count": 10, "count_fp": "10.00", "created_time": "2026-02-08T00:54:03.427189Z", "no_price": 11, "no_price_dollars": "0.1100", "price": 0.89, "taker_side": "yes", "ticker": "KXINXU-26FEB09H1600-T6949.9999", "trade_id": "ca3067c6-4293-797e-4701-46cfe1fea94f", "yes_price": 89, "yes_price_dollars": "0.8900"}
{"count": 5, "count_fp": "5.00", "created_time": "2026-02-08T00:54:03.427189Z", "no_price": 12, "no_price_dollars": "0.1200", "price": 0.88, "taker_side": "yes", "ticker": "KXINXU-26FEB09H1600-T6949.9999", "trade_id": "4c733edc-f6f2-70c0-4884-1bb138d1c004", "yes_price": 88, "yes_price_dollars": "0.8800"}
{"count": 5, "count_fp": "5.00", "created_time": "2026-02-08T21:54:51.017897Z", "no_price": 16, "no_price_dollars": "0.1600", "price": 0.84, "taker_side": "yes", "ticker": "KXINXU-26FEB09H1600-T6924.9999", "trade_id": "4d942c00-0a19-559e-132a-67f370eb6256", "yes_price": 84, "yes_price_dollars": "0.8400"}
{"count": 2, "count_fp": "2.00", "created_time": "2026-02-08T21:52:38.830636Z", "no_price": 16, "no_price_dollars": "0.1600", "price": 0.84, "taker_side": "yes", "ticker": "KXINXU-26FEB09H1600-T6924.9999", "trade_id": "712135f0-09a9-74aa-b3e4-7fe5b77d744a", "yes_price": 84, "yes_price_dollars": "0.8400"}
{"count": 11, "count_fp": "11.00", "created_time": "2026-02-08T15:37:15.311205Z", "no_price": 15, "no_price_dollars": "0.1500", "price": 0.85, "taker_side": "yes", "ticker": "KXINXU-26FEB09H1600-T6924.9999", "trade_id": "5a3c05ea-05ad-4a1f-22de-ad9f6702ecb5", "yes_price": 85, "yes_price_dollars": "0.8500"}
{"count": 117, "count_fp": "117.00", "created_time": "2026-02-08T03:51:55.903929Z", "no_price": 15, "no_price_dollars": "0.1500", "price": 0.85, "taker_side": "yes", "ticker": "KXINXU-26FEB09H1600-T6924.9999", "trade_id": "d75e2988-d051-52b3-6d20-25f7560a4245", "yes_price": 85, "yes_price_dollars": "0.8500"}
{"count": 6, "count_fp": "6.00", "created_time": "2026-02-08T02:15:14.64065Z", "no_price": 19, "no_price_dollars": "0.1900", "price": 0.81, "taker_side": "yes", "ticker": "KXINXU-26FEB09H1600-T6924.9999", "trade_id": "ee1ca1e7-f649-5278-04ed-9f0743fd91e0", "yes_price": 81, "yes_price_dollars": "0.8100"}
{"count": 53, "count_fp": "53.00", "created_time": "2026-02-08T02:15:14.64065Z", "no_price": 16, "no_price_dollars": "0.1600", "price": 0.84, "taker_side": "yes", "ticker": "KXINXU-26FEB09H1600-T6924.9999", "trade_id": "8a7b7a1f-964b-5d2e-250f-1d48b1cee43d", "yes_price": 84, "yes_price_dollars": "0.8400"}
{"count": 1, "count_fp": "1.00", "created_time": "2026-02-08T01:59:52.953331Z", "no_price": 20, "no_price_dollars": "0.2000", "price": 0.8, "taker_side": "yes", "ticker": "KXINXU-26FEB09H1600-T6924.9999", "trade_id": "98df6c0a-fec9-435d-8946-054808b01a36", "yes_price": 80, "yes_price_dollars": "0.8000"}
{"count": 3, "count_fp": "3.00", "created_time": "2026-02-08T01:59:52.953331Z", "no_price": 19, "no_price_dollars": "0.1900", "price": 0.81, "taker_side": "yes", "ticker": "KXINXU-26FEB09H1600-T6924.9999", "trade_id": "3a3c6cc0-a3f9-4f04-a6b1-28a15f195368", "yes_price": 81, "yes_price_dollars": "0.8100"}
{"count": 4, "count_fp": "4.00", "created_time": "2026-02-08T22:59:17.252925Z", "no_price": 61, "no_price_dollars": "0.6100", "price": 0.39, "taker_side": "no", "ticker": "KXINXU-26FEB09H1600-T6899.9999", "trade_id": "87fb294a-5202-7040-316d-d123b5363808", "yes_price": 39, "yes_price_dollars": "0.3900"}
{"count": 5, "count_fp": "5.00", "created_time": "2026-02-08T22:59:17.252925Z", "no_price": 60, "no_price_dollars": "0.6000", "price": 0.4, "taker_side": "no", "ticker": "KXINXU-26FEB09H1600-T6899.9999", "trade_id": "37571299-480d-7151-0cbc-fe12ebf94ab8", "yes_price": 40, "yes_price_dollars": "0.4000"}
{"count": 2, "count_fp": "2.00", "created_time": "2026-02-08T21:53:08.980581Z", "no_price": 22, "no_price_dollars": "0.2200", "price": 0.78, "taker_side": "yes", "ticker": "KXINXU-26FEB09H1600-T6899.9999", "trade_id": "895ac121-8a5a-6f7b-78cf-edf0bb35ecaf", "yes_price": 78, "yes_price_dollars": "0.7800"}
{"count": 1, "count_fp": "1.00", "created_time": "2026-02-08T21:07:12.54951Z", "no_price": 22, "no_price_dollars": "0.2200", "price": 0.78, "taker_side": "yes", "ticker": "KXINXU-26FEB09H1600-T6899.9999", "trade_id": "7b72ceb0-203c-6991-8725-ac77a34896c7", "yes_price": 78, "yes_price_dollars": "0.7800"}
{"count": 6, "count_fp": "6.00", "created_time": "2026-02-08T20:36:55.952165Z", "no_price": 21, "no_price_dollars": "0.2100", "price": 0.79, "taker_side": "yes", "ticker": "KXINXU-26FEB09H1600-T6899.9999", "trade_id": "abafd968-7f04-6597-ca6e-b64e775136b8", "yes_price": 79, "yes_price_dollars": "0.7900"}
{"count": 5, "count_fp": "5.00", "created_time": "2026-02-08T17:29:52.229734Z", "no_price": 21, "no_price_dollars": "0.2100", "price": 0.79, "taker_side": "yes", "ticker": "KXINXU-26FEB09H1600-T6899.9999", "trade_id": "287e49f7-648b-667e-604a-1e8bc560938a", "yes_price": 79, "yes_price_dollars": "0.7900"}
{"count": 7, "count_fp": "7.00", "created_time": "2026-02-08T17:29:52.229734Z", "no_price": 20, "no_price_dollars": "0.2000", "price": 0.8, "taker_side": "yes", "ticker": "KXINXU-26FEB09H1600-T6899.9999", "trade_id": "1fa84fcf-454d-6a4f-6e75-0644a67f4fdb", "yes_price": 80, "yes_price_dollars": "0.8000"}
{"count": 1, "count_fp": "1.00", "created_time": "2026-02-08T14:27:06.161336Z", "no_price": 92, "no_price_dollars": "0.9200", "price": 0.08, "taker_side": "no", "ticker": "KXINXU-26FEB09H1600-T6899.9999", "trade_id": "1847c280-fd77-7d1e-8982-5cd1f5163819", "yes_price": 8, "yes_price_dollars": "0.0800"}
{"count": 19, "count_fp": "19.00", "created_time": "2026-02-08T12:33:48.83084Z", "no_price": 20, "no_price_dollars": "0.2000", "price": 0.8, "taker_side": "yes", "ticker": "KXINXU-26FEB09H1600-T6899.9999", "trade_id": "41de2839-9849-5e03-d997-210b9e02cd7f", "yes_price": 80, "yes_price_dollars": "0.8000"}
{"count": 5, "count_fp": "5.00", "created_time": "2026-02-08T12:33:48.83084Z", "no_price": 21, "no_price_dollars": "0.2100", "price": 0.79, "taker_side": "yes", "ticker": "KXINXU-26FEB09H1600-T6899.9999", "trade_id": "01044230-8d05-560e-ec3a-21a2146495ba", "yes_price": 79, "yes_price_dollars": "0.7900"}
{"count": 1, "count_fp": "1.00", "created_time": "2026-02-08T05:01:51.189683Z", "no_price": 20, "no_price_dollars": "0.2000", "price": 0.8, "taker_side": "yes", "ticker": "KXINXU-26FEB09H1600-T6899.9999", "trade_id": "1e65475b-e125-4323-b27c-d608a9c0e2db", "yes_price": 80, "yes_price_dollars": "0.8000"}
{"count": 5, "count_fp": "5.00", "created_time": "2026-02-08T02:24:43.563087Z", "no_price": 21, "no_price_dollars": "0.2100", "price": 0.79, "taker_side": "yes", "ticker": "KXINXU-26FEB09H1600-T6899.9999", "trade_id": "5a5912d4-bad0-79f1-3edf-b55a86731863", "yes_price": 79, "yes_price_dollars": "0.7900"}
{"count": 7, "count_fp": "7.00", "created_time": "2026-02-08T02:24:43.563087Z", "no_price": 20, "no_price_dollars": "0.2000", "price": 0.8, "taker_side": "yes", "ticker": "KXINXU-26FEB09H1600-T6899.9999", "trade_id": "0ed18ad1-b871-7b67-2a74-7916c3431163", "yes_price": 80, "yes_price_dollars": "0.8000"}
{"count": 4, "count_fp": "4.00", "created_time": "2026-02-08T22:15:09.848809Z", "no_price": 45, "no_price_dollars": "0.4500", "price": 0.55, "taker_side": "no", "ticker": "KXINXU-26FEB09H1600-T6849.9999", "trade_id": "0fbc6a3e-b09f-715a-9bb7-8dfe1fd2a66e", "yes_price": 55, "yes_price_dollars": "0.5500"}
{"count": 200, "count_fp": "200.00", "created_time": "2026-02-08T23:11:05.406197Z", "no_price": 10, "no_price_dollars": "0.1000", "price": 0.9, "taker_side": "no", "ticker": "KXINXU-26FEB09H1600-T6824.9999", "trade_id": "5e512e37-ba5e-408f-d178-9d05e08eda5b", "yes_price": 90, "yes_price_dollars": "0.9000"}
{"count": 1, "count_fp": "1.00", "created_time": "2026-02-08T00:04:20.699872Z", "no_price": 13, "no_price_dollars": "0.1300", "price": 0.87, "taker_side": "no", "ticker": "KXINXU-26FEB09H1600-T6024.9999", "trade_id": "ca7e5f81-de05-7dad-5ae7-a25b11ea0215", "yes_price": 87, "yes_price_dollars": "0.8700"}
{"count": 149, "count_fp": "149.00", "created_time": "2026-02-08T23:51:38.818462Z", "no_price": 34, "no_price_dollars": "0.3400", "price": 0.66, "taker_side": "yes", "ticker": "KXINXPOS-26DEC31H1900-T6845.5", "trade_id": "d93a91da-6725-57a3-f655-a3aaf4f50ab2", "yes_price": 66, "yes_price_dollars": "0.6600"}
{"count": 2, "count_fp": "2.00", "created_time": "2026-02-08T23:47:54.436613Z", "no_price": 36, "no_price_dollars": "0.3600", "price": 0.64, "taker_side": "no", "ticker": "KXINXPOS-26DEC31H1900-T6845.5", "trade_id": "f1044aee-725c-79fc-8a87-fb33ace58999", "yes_price": 64, "yes_price_dollars": "0.6400"}
{"count": 10, "count_fp": "10.00", "created_time": "2026-02-08T22:18:33.894502Z", "no_price": 36, "no_price_dollars": "0.3600", "price": 0.64, "taker_side": "no", "ticker": "KXINXPOS-26DEC31H1900-T6845.5", "trade_id": "0711851e-93ec-4528-af5b-317aa4325c9d", "yes_price": 64, "yes_price_dollars": "0.6400"}
{"count": 2, "count_fp": "2.00", "created_time": "2026-02-08T20:24:00.344491Z", "no_price": 36, "no_price_dollars": "0.3600", "price": 0.64, "taker_side": "no", "ticker": "KXINXPOS-26DEC31H1900-T6845.5", "trade_id": "ff15d827-925c-6ab4-5998-e4d902dcae39", "yes_price": 64, "yes_price_dollars": "0.6400"}
{"count": 5, "count_fp": "5.00", "created_time": "2026-02-08T18:43:40.053425Z", "no_price": 36, "no_price_dollars": "0.3600", "price": 0.64, "taker_side": "no", "ticker": "KXINXPOS-26DEC31H1900-T6845.5", "trade_id": "864f2dbf-0324-6918-f394-cfef664b9345", "yes_price": 64, "yes_price_dollars": "0.6400"}
{"count": 1, "count_fp": "1.00", "created_time": "2026-02-08T18:30:09.147354Z", "no_price": 34, "no_price_dollars": "0.3400", "price": 0.66, "taker_side": "yes", "ticker": "KXINXPOS-26DEC31H1900-T6845.5", "trade_id": "3e989b5e-12c9-5bc3-5027-b19816baaab6", "yes_price": 66, "yes_price_dollars": "0.6600"}
{"count": 254, "count_fp": "254.00", "created_time": "2026-02-08T17:05:40.017296Z", "no_price": 36, "no_price_dollars": "0.3600", "price": 0.64, "taker_side": "no", "ticker": "KXINXPOS-26DEC31H1900-T6845.5", "trade_id": "ede306b8-2bb8-51b0-7b52-4d72885ba67d", "yes_price": 64, "yes_price_dollars": "0.6400"}
{"count": 17, "count_fp": "17.00", "created_time": "2026-02-08T17:05:40.017296Z", "no_price": 36, "no_price_dollars": "0.3600", "price": 0.64, "taker_side": "no", "ticker": "KXINXPOS-26DEC31H1900-T6845.5", "trade_id": "16083bbe-94e6-5904-47a9-5d0f2dcf4510", "yes_price": 64, "yes_price_dollars": "0.6400"}
{"count": 37, "count_fp": "37.00", "created_time": "2026-02-08T15:10:47.503835Z", "no_price": 34, "no_price_dollars": "0.3400", "price": 0.66, "taker_side": "yes", "ticker": "KXINXPOS-26DEC31H1900-T6845.5", "trade_id": "0ba27fa0-be41-4cf3-49f9-d4e6f9a073c6", "yes_price": 66, "yes_price_dollars": "0.6600"}
{"count": 59, "count_fp": "59.00", "created_time": "2026-02-08T14:16:26.978071Z", "no_price": 35, "no_price_dollars": "0.3500", "price": 0.65, "taker_side": "yes", "ticker": "KXINXPOS-26DEC31H1900-T6845.5", "trade_id": "cd60b39b-ab67-4da9-1536-7a45e1d84ee9", "yes_price": 65, "yes_price_dollars": "0.6500"}
{"count": 9, "count_fp": "9.00", "created_time": "2026-02-08T08:21:11.978717Z", "no_price": 34, "no_price_dollars": "0.3400", "price": 0.66, "taker_side": "yes", "ticker": "KXINXPOS-26DEC31H1900-T6845.5", "trade_id": "172b79bb-ef15-76f7-6b5e-00bde33ff5e6", "yes_price": 66, "yes_price_dollars": "0.6600"}
{"count": 7, "count_fp": "7.00", "created_time": "2026-02-08T08:18:58.681113Z", "no_price": 34, "no_price_dollars": "0.3400", "price": 0.66, "taker_side": "yes", "ticker": "KXINXPOS-26DEC31H1900-T6845.5", "trade_id": "1e4a00ad-a435-4d4b-bf69-e7e75f9ef026", "yes_price": 66, "yes_price_dollars": "0.6600"}
{"count": 36, "count_fp": "36.00", "created_time": "2026-02-08T07:16:28.586749Z", "no_price": 34, "no_price_dollars": "0.3400", "price": 0.66, "taker_side": "yes", "ticker": "KXINXPOS-26DEC31H1900-T6845.5", "trade_id": "56ad6458-5c79-557b-75ff-f58e8ef03b9a", "yes_price": 66, "yes_price_dollars": "0.6600"}
{"count": 1, "count_fp": "1.00", "created_time": "2026-02-08T04:45:23.303456Z", "no_price": 35, "no_price_dollars": "0.3500", "price": 0.65, "taker_side": "yes", "ticker": "KXINXPOS-26DEC31H1900-T6845.5", "trade_id": "6cd87268-09dd-5d4a-d436-8fd37f76a56c", "yes_price": 65, "yes_price_dollars": "0.6500"}
{"count": 15, "count_fp": "15.00", "created_time": "2026-02-08T04:23:33.294544Z", "no_price": 35, "no_price_dollars": "0.3500", "price": 0.65, "taker_side": "yes", "ticker": "KXINXPOS-26DEC31H1900-T6845.5", "trade_id": "fff72171-3265-7bfa-b2c3-74982204cbfc", "yes_price": 65, "yes_price_dollars": "0.6500"}
{"count": 22, "count_fp": "22.00", "created_time": "2026-02-08T03:28:56.053382Z", "no_price": 35, "no_price_dollars": "0.3500", "price": 0.65, "taker_side": "yes", "ticker": "KXINXPOS-26DEC31H1900-T6845.5", "trade_id": "ff8129e9-d9ed-5596-99b4-190ce46c6478", "yes_price": 65, "yes_price_dollars": "0.6500"}
{"count": 17, "count_fp": "17.00", "created_time": "2026-02-08T03:23:08.824617Z", "no_price": 34, "no_price_dollars": "0.3400", "price": 0.66, "taker_side": "yes", "ticker": "KXINXPOS-26DEC31H1900-T6845.5", "trade_id": "d087392c-23db-7da9-e3ec-d23deafb162b", "yes_price": 66, "yes_price_dollars": "0.6600"}
{"count": 132, "count_fp": "132.00", "created_time": "2026-02-08T03:23:08.824617Z", "no_price": 34, "no_price_dollars": "0.3400", "price": 0.66, "taker_side": "yes", "ticker": "KXINXPOS-26DEC31H1900-T6845.5", "trade_id": "75ec2290-4195-706f-e0fd-b7624e3443aa", "yes_price": 66, "yes_price_dollars": "0.6600"}
{"count": 22, "count_fp": "22.00", "created_time": "2026-02-08T00:39:40.34521Z", "no_price": 34, "no_price_dollars": "0.3400", "price": 0.66, "taker_side": "yes", "ticker": "KXINXPOS-26DEC31H1900-T6845.5", "trade_id": "e12cecfb-e36b-79b9-fff6-446c90f0efdb", "yes_price": 66, "yes_price_dollars": "0.6600"}
{"count": 14, "count_fp": "14.00", "created_time": "2026-02-08T00:39:40.34521Z", "no_price": 34, "no_price_dollars": "0.3400", "price": 0.66, "taker_side": "yes", "ticker": "KXINXPOS-26DEC31H1900-T6845.5", "trade_id": "4a984cda-3b49-71e8-fcb3-c624e241ac51", "yes_price": 66, "yes_price_dollars": "0.6600"}
{"count": 148, "count_fp": "148.00", "created_time": "2026-02-08T00:37:01.528788Z", "no_price": 37, "no_price_dollars": "0.3700", "price": 0.63, "taker_side": "no", "ticker": "KXINXPOS-26DEC31H1900-T6845.5", "trade_id": "d97a8152-947c-43b5-4c2c-643e1a162351", "yes_price": 63, "yes_price_dollars": "0.6300"}
{"count": 108, "count_fp": "108.00", "created_time": "2026-02-08T00:37:01.528788Z", "no_price": 37, "no_price_dollars": "0.3700", "price": 0.63, "taker_side": "no", "ticker": "KXINXPOS-26DEC31H1900-T6845.5", "trade_id": "a0fe7f52-b23f-46aa-62c4-ca0a60fd8f6e", "yes_price": 63, "yes_price_dollars": "0.6300"}
{"count": 70, "count_fp": "70.00", "created_time": "2026-02-08T00:36:53.182691Z", "no_price": 36, "no_price_dollars": "0.3600", "price": 0.64, "taker_side": "no", "ticker": "KXINXPOS-26DEC31H1900-T6845.5", "trade_id": "fcf8936f-d5d3-5ed7-4401-72ab5fd1a19d", "yes_price": 64, "yes_price_dollars": "0.6400"}
{"count": 6, "count_fp": "6.00", "created_time": "2026-02-08T00:36:53.182691Z", "no_price": 36, "no_price_dollars": "0.3600", "price": 0.64, "taker_side": "no", "ticker": "KXINXPOS-26DEC31H1900-T6845.5", "trade_id": "d0cf1e34-9447-5cd8-70de-b8a345bd3074", "yes_price": 64, "yes_price_dollars": "0.6400"}
{"count": 200, "count_fp": "200.00", "created_time": "2026-02-08T00:36:53.182691Z", "no_price": 36, "no_price_dollars": "0.3600", "price": 0.64, "taker_side": "no", "ticker": "KXINXPOS-26DEC31H1900-T6845.5", "trade_id": "5025392a-bef5-5c61-570f-d24394c479c5", "yes_price": 64, "yes_price_dollars": "0.6400"}
