{"count": 25, "count_fp": "25.00", "created_time": "2026-03-04T16:42:10.404925Z", "no_price": 98, "no_price_dollars": "0.9800", "price": 0.02, "taker_side": "yes", "ticker": "KXINX-26MAR04H1600-T6525", "trade_id": "46377194-fb9b-5ecf-867c-b5a6f62b6f35", "yes_price": 2, "yes_price_dollars": "0.0200"}
{"count": 4, "count_fp": "4.00", "created_time": "2026-03-04T07:37:27.370903Z", "no_price": 85, "no_price_dollars": "0.8500", "price": 0.15, "taker_side": "yes", "ticker": "KXINX-26MAR04H1600-T6525", "trade_id": "1b0c3f38-c442-72c3-4a4a-e23f22d27e5c", "yes_price": 15, "yes_price_dollars": "0.1500"}
{"count": 2, "count_fp": "2.00", "created_time": "2026-03-04T20:20:23.526217Z", "no_price": 85, "no_price_dollars": "0.8500", "price": 0.15, "taker_side": "no", "ticker": "KXINX-26MAR04H1600-B7062", "trade_id": "94354e5b-9691-4bed-2838-a54c2f0abea1", "yes_price": 15, "yes_price_dollars": "0.1500"}
{"count": 2, "count_fp": "2.00", "created_time": "2026-03-04T19:50:19.393083Z", "no_price": 85, "no_price_dollars": "0.8500", "price": 0.15, "taker_side": "no", "ticker": "KXINX-26MAR04H1600-B7037", "trade_id": "9def4473-aa1e-76c0-e722-cd3bcbc3daed", "yes_price": 15, "yes_price_dollars": "0.1500"}
{"count": 1, "count_fp": "1.00", "created_time": "2026-03-04T20:50:28.923927Z", "no_price": 85, "no_price_dollars": "0.8500", "price": 0.15, "taker_side": "no", "ticker": "KXINX-26MAR04H1600-B7012", "trade_id": "e5ecf7d0-451c-5232-df33-a847a2bb7a17", "yes_price": 15, "yes_price_dollars": "0.1500"}
{"count": 1, "count_fp": "1.00", "created_time": "2026-03-04T20:50:29.304756Z", "no_price": 85, "no_price_dollars": "0.8500", "price": 0.15, "taker_side": "no", "ticker": "KXINX-26MAR04H1600-B6987", "trade_id": "c2201012-5398-7d23-5905-ff420763b66c", "yes_price": 15, "yes_price_dollars": "0.1500"}
{"count": 3, "count_fp": "3.00", "created_time": "2026-03-04T19:24:16.114913Z", "no_price": 71, "no_price_dollars": "0.7100", "price": 0.29, "taker_side": "yes", "ticker": "KXINX-26MAR04H1600-B6937", "trade_id": "3171d366-1719-4073-875c-391776f87398", "yes_price": 29, "yes_price_dollars": "0.2900"}
{"count": 12, "count_fp": "12.00", "created_time": "2026-03-04T16:57:34.51666Z", "no_price": 96, "no_price_dollars": "0.9600", "price": 0.04, "taker_side": "yes", "ticker": "KXINX-26MAR04H1600-B6937", "trade_id": "6802f043-2fb4-6ad9-607c-13ed6aa623b0", "yes_price": 4, "yes_price_dollars": "0.0400"}
{"count": 4, "count_fp": "4.00", "created_time": "2026-03-04T15:23:02.682895Z", "no_price": 92, "no_price_dollars": "0.9200", "price": 0.08, "taker_side": "no", "ticker": "KXINX-26MAR04H1600-B6937", "trade_id": "647edb7e-315c-7beb-14e3-57b997961963", "yes_price": 8, "yes_price_dollars": "0.0800"}
{"count": 1, "count_fp": "1.00", "created_time": "2026-03-04T20:23:17.356518Z", "no_price": 98, "no_price_dollars": "0.9800", "price": 0.02, "taker_side": "no", "ticker": "KXINX-26MAR04H1600-B6912", "trade_id": "7ea7b3ca-ebe3-5183-bb33-ad429110211a", "yes_price": 2, "yes_price_dollars": "0.0200"}
{"count": 8, "count_fp": "8.00", "created_time": "2026-03-04T19:25:38.922705Z", "no_price": 72, "no_price_dollars": "0.7200", "price": 0.28, "taker_side": "yes", "ticker": "KXINX-26MAR04H1600-B6912", "trade_id": "b2a2e8de-54d6-5a57-3860-44769d83ef65", "yes_price": 28, "yes_price_dollars": "0.2800"}
{"count": 3, "count_fp": "3.00", "created_time": "2026-03-04T19:24:58.041477Z", "no_price": 72, "no_price_dollars": "0.7200", "price": 0.28, "taker_side": "yes", "ticker": "KXINX-26MAR04H1600-B6912", "trade_id": "674f1104-d532-57c7-4fb8-e741856d4a89", "yes_price": 28, "yes_price_dollars": "0.2800"}
{"count": 2, "count_fp": "2.00", "created_time": "2026-03-04T18:57:28.77655Z", "no_price": 89, "no_price_dollars": "0.8900", "price": 0.11, "taker_side": "no", "ticker": "KXINX-26MAR04H1600-B6912", "trade_id": "7ff7b6bd-fda7-6303-548a-b3b1bf083768", "yes_price": 11, "yes_price_dollars": "0.1100"}
{"count": 3, "count_fp": "3.00", "created_time": "2026-03-04T18:43:29.40498Z", "no_price": 75, "no_price_dollars": "0.7500", "price": 0.25, "taker_side": "yes", "ticker": "KXINX-26MAR04H1600-B6912", "trade_id": "131cf462-e267-62c5-f851-962faf0dc9f0", "yes_price": 25, "yes_price_dollars": "0.2500"}
{"count": 8, "count_fp": "8.00", "created_time": "2026-03-04T18:43:29.40498Z", "no_price": 74, "no_price_dollars": "0.7400", "price": 0.26, "taker_side": "yes", "ticker": "KXINX-26MAR04H1600-B6912", "trade_id": "0243ed75-031b-6c14-d477-ab13a579e36c", "yes_price": 26, "yes_price_dollars": "0.2600"}
{"count": 10, "count_fp": "10.00", "created_time": "2026-03-04T18:38:10.58158Z", "no_price": 85, "no_price_dollars": "0.8500", "price": 0.15, "taker_side": "no", "ticker": "KXINX-26MAR04H1600-B6912", "trade_id": "5d7c6dcc-68c6-7504-46fb-53b2876cf73f", "yes_price": 15, "yes_price_dollars": "0.1500"}
{"count": 50, "count_fp": "50.00", "created_time": "2026-03-04T18:38:10.548426Z", "no_price": 85, "no_price_dollars": "0.8500", "price": 0.15, "taker_side": "yes", "ticker": "KXINX-26MAR04H1600-B6912", "trade_id": "a9ebb912-90d4-56fc-9ce6-33e0cc1c3e9b", "yes_price": 15, "yes_price_dollars": "0.1500"}
{"count": 1, "count_fp": "1.00", "created_time": "2026-03-04T18:37:18.959233Z", "no_price": 85, "no_price_dollars": "0.8500", "price": 0.15, "taker_side": "yes", "ticker": "KXINX-26MAR04H1600-B6912", "trade_id": "bb72d8d2-3d34-4308-989b-e9139c98eecf", "yes_price": 15, "yes_price_dollars": "0.1500"}
{"count": 6, "count_fp": "6.00", "created_time": "2026-03-04T18:34:47.768451Z", "no_price": 85, "no_price_dollars": "0.8500", "price": 0.15, "taker_side": "yes", "ticker": "KXINX-26MAR04H1600-B6912", "trade_id": "7dd91d57-8168-5c7c-60d7-990fbedb541b", "yes_price": 15, "yes_price_dollars": "0.1500"}
{"count": 1, "count_fp": "1.00", "created_time": "2026-03-04T18:32:18.314852Z", "no_price": 85, "no_price_dollars": "0.8500", "price": 0.15, "taker_side": "yes", "ticker": "KXINX-26MAR04H1600-B6912", "trade_id": "ac0cf2c4-5c54-5a84-386a-5f98a690212f", "yes_price": 15, "yes_price_dollars": "0.1500"}
{"count": 1, "count_fp": "1.00", "created_time": "2026-03-04T18:07:16.982316Z", "no_price": 85, "no_price_dollars": "0.8500", "price": 0.15, "taker_side": "yes", "ticker": "KXINX-26MAR04H1600-B6912", "trade_id": "37a13137-fb78-53dc-cfa0-1fb8a178661b", "yes_price": 15, "yes_price_dollars": "0.1500"}
{"count": 1, "count_fp": "1.00", "created_time": "2026-03-04T18:02:16.333997Z", "no_price": 85, "no_price_dollars": "0.8500", "price": 0.15, "taker_side": "yes", "ticker": "KXINX-26MAR04H1600-B6912", "trade_id": "6083da26-36e0-62e8-07a2-bbe667d54fab", "yes_price": 15, "yes_price_dollars": "0.1500"}
{"count": 3, "count_fp": "3.00", "created_time": "2026-03-04T17:20:00.752769Z", "no_price": 85, "no_price_dollars": "0.8500", "price": 0.15, "taker_side": "no", "ticker": "KXINX-26MAR04H1600-B6912", "trade_id": "7a995d1f-4f4e-60ee-6a81-78016e6081b7", "yes_price": 15, "yes_price_dollars": "0.1500"}
{"count": 50, "count_fp": "50.00", "created_time": "2026-03-04T16:59:33.060219Z", "no_price": 84, "no_price_dollars": "0.8400", "price": 0.16, "taker_side": "no", "ticker": "KXINX-26MAR04H1600-B6912", "trade_id": "425543bd-90cb-4c9d-fa41-a30eda29e702", "yes_price": 16, "yes_price_dollars": "0.1600"}
{"count": 60, "count_fp": "60.00", "created_time": "2026-03-04T16:57:59.584069Z", "no_price": 72, "no_price_dollars": "0.7200", "price": 0.28, "taker_side": "yes", "ticker": "KXINX-26MAR04H1600-B6912", "trade_id": "8e369906-b7c6-60d3-f78c-b5dfdb846a63", "yes_price": 28, "yes_price_dollars": "0.2800"}
{"count": 4, "count_fp": "4.00", "created_time": "2026-03-04T16:57:59.584069Z", "no_price": 69, "no_price_dollars": "0.6900", "price": 0.31, "taker_side": "yes", "ticker": "KXINX-26MAR04H1600-B6912", "trade_id": "82541c69-5a5c-6ea4-e3a0-d66ba92658f4", "yes_price": 31, "yes_price_dollars": "0.3100"}
{"count": 4, "count_fp": "4.00", "created_time": "2026-03-04T16:57:59.584069Z", "no_price": 71, "no_price_dollars": "0.7100", "price": 0.29, "taker_side": "yes", "ticker": "KXINX-26MAR04H1600-B6912", "trade_id": "20c4bccb-33e7-6438-fad6-8f6626e2436a", "yes_price": 29, "yes_price_dollars": "0.2900"}
{"count": 40, "count_fp": "40.00", "created_time": "2026-03-04T16:57:02.595993Z", "no_price": 84, "no_price_dollars": "0.8400", "price": 0.16, "taker_side": "no", "ticker": "KXINX-26MAR04H1600-B6912", "trade_id": "c89fc852-e48d-57cd-4210-56d57373194a", "yes_price": 16, "yes_price_dollars": "0.1600"}
{"count": 40, "count_fp": "40.00", "created_time": "2026-03-04T16:56:10.056743Z", "no_price": 82, "no_price_dollars": "0.8200", "price": 0.18, "taker_side": "no", "ticker": "KXINX-26MAR04H1600-B6912", "trade_id": "c8cdabfc-ee6f-7f71-0cd4-a8a028154ce9", "yes_price": 18, "yes_price_dollars": "0.1800"}
{"count": 60, "count_fp": "60.00", "created_time": "2026-03-04T16:55:44.179811Z", "no_price": 82, "no_price_dollars": "0.8200", "price": 0.18, "taker_side": "yes", "ticker": "KXINX-26MAR04H1600-B6912", "trade_id": "cc684019-99c9-5534-e45c-cf8c18fc378f", "yes_price": 18, "yes_price_dollars": "0.1800"}
{"count": 60, "count_fp": "60.00", "created_time": "2026-03-04T16:55:23.008591Z", "no_price": 84, "no_price_dollars": "0.8400", "price": 0.16, "taker_side": "yes", "ticker": "KXINX-26MAR04H1600-B6912", "trade_id": "9e28bea8-b92a-5023-bcaa-756d93f54e27", "yes_price": 16, "yes_price_dollars": "0.1600"}
{"count": 60, "count_fp": "60.00", "created_time": "2026-03-04T16:38:04.372543Z", "no_price": 88, "no_price_dollars": "0.8800", "price": 0.12, "taker_side": "no", "ticker": "KXINX-26MAR04H1600-B6912", "trade_id": "6526d19e-2c19-4308-1055-913abb73f58a", "yes_price": 12, "yes_price_dollars": "0.1200"}
{"count": 60, "count_fp": "60.00", "created_time": "2026-03-04T16:13:03.052435Z", "no_price": 89, "no_price_dollars": "0.8900", "price": 0.11, "taker_side": "no", "ticker": "KXINX-26MAR04H1600-B6912", "trade_id": "51d4fc99-b998-6314-f818-eb4cab4b8360", "yes_price": 11, "yes_price_dollars": "0.1100"}
{"count": 60, "count_fp": "60.00", "created_time": "2026-03-04T16:05:24.822448Z", "no_price": 80, "no_price_dollars": "0.8000", "price": 0.2, "taker_side": "no", "ticker": "KXINX-26MAR04H1600-B6912", "trade_id": "14845b3a-c2be-5b8e-7014-9077c76254c1", "yes_price": 20, "yes_price_dollars": "0.2000"}
{"count": 60, "count_fp": "60.00", "created_time": "2026-03-04T15:58:36.413699Z", "no_price": 84, "no_price_dollars": "0.8400", "price": 0.16, "taker_side": "yes", "ticker": "KXINX-26MAR04H1600-B6912", "trade_id": "706e07ac-5ec2-63e8-4cfd-95e9acb1c199", "yes_price": 16, "yes_price_dollars": "0.1600"}
{"count": 60, "count_fp": "60.00", "created_time": "2026-03-04T15:55:26.147098Z", "no_price": 87, "no_price_dollars": "0.8700", "price": 0.13, "taker_side": "yes", "ticker": "KXINX-26MAR04H1600-B6912", "trade_id": "93d10445-5823-5bec-c95d-0bb30fb2ea13", "yes_price": 13, "yes_price_dollars": "0.1300"}
{"count": 1, "count_fp": "1.00", "created_time": "2026-03-04T15:38:24.891611Z", "no_price": 84, "no_price_dollars": "0.8400", "price": 0.16, "taker_side": "no", "ticker": "KXINX-26MAR04H1600-B6912", "trade_id": "1798d7e1-7578-773f-7e52-59dbb8237d5d", "yes_price": 16, "yes_price_dollars": "0.1600"}
{"count": 3, "count_fp": "3.00", "created_time": "2026-03-04T15:34:26.491551Z", "no_price": 82, "no_price_dollars": "0.8200", "price": 0.18, "taker_side": "no", "ticker": "KXINX-26MAR04H1600-B6912", "trade_id": "a908ae1f-f56c-7b9b-62cb-324458e98e13", "yes_price": 18, "yes_price_dollars": "0.1800"}
{"count": 3, "count_fp": "3.00", "created_time": "2026-03-04T15:31:58.325481Z", "no_price": 76, "no_price_dollars": "0.7600", "price": 0.24, "taker_side": "yes", "ticker": "KXINX-26MAR04H1600-B6912", "trade_id": "13fd58ec-40a8-56c4-24e8-5f512129bca0", "yes_price": 24, "yes_price_dollars": "0.2400"}
{"count": 4, "count_fp": "4.00", "created_time": "2026-03-04T13:38:36.241681Z", "no_price": 92, "no_price_dollars": "0.9200", "price": 0.08, "taker_side": "no", "ticker": "KXINX-26MAR04H1600-B6912", "trade_id": "0fadb8d7-9e8a-5ee6-9427-9f6c142e12bc", "yes_price": 8, "yes_price_dollars": "0.0800"}
{"count": 1, "count_fp": "1.00", "created_time": "2026-03-04T13:10:26.222545Z", "no_price": 89, "no_price_dollars": "0.8900", "price": 0.11, "taker_side": "yes", "ticker": "KXINX-26MAR04H1600-B6912", "trade_id": "a608a0a5-e17c-4a32-e873-8b9b07c35875", "yes_price": 11, "yes_price_dollars": "0.1100"}
{"count": 2, "count_fp": "2.00", "created_time": "2026-03-04T20:58:51.547073Z", "no_price": 97, "no_price_dollars": "0.9700", "price": 0.03, "taker_side": "no", "ticker": "KXINX-26MAR04H1600-B6887", "trade_id": "de39f8d5-a141-4e74-1be7-ff055a1ec4d4", "yes_price": 3, "yes_price_dollars": "0.0300"}
{"count": 8, "count_fp": "8.00", "created_time": "2026-03-04T20:58:51.547073Z", "no_price": 99, "no_price_dollars": "0.9900", "price": 0.01, "taker_side": "no", "ticker": "KXINX-26MAR04H1600-B6887", "trade_id": "9c47fd3e-2fc2-4c77-1040-4ded3b279a1e", "yes_price": 1, "yes_price_dollars": "0.0100"}
{"count": 1, "count_fp": "1.00", "created_time": "2026-03-04T20:58:51.547073Z", "no_price": 98, "no_price_dollars": "0.9800", "price": 0.02, "taker_side": "no", "ticker": "KXINX-26MAR04H1600-B6887", "trade_id": "3361d28b-2be4-426e-2bb3-e30d5cd58e33", "yes_price": 2, "yes_price_dollars": "0.0200"}
{"count": 3, "count_fp": "3.00", "created_time": "2026-03-04T20:52:22.478783Z", "no_price": 60, "no_price_dollars": "0.6000", "price": 0.4, "taker_side": "yes", "ticker": "KXINX-26MAR04H1600-B6887", "trade_id": "ee468d81-85e9-7506-5a7d-8470c9184387", "yes_price": 40, "yes_price_dollars": "0.4000"}
{"count": 2, "count_fp": "2.00", "created_time": "2026-03-04T20:52:22.478783Z", "no_price": 60, "no_price_dollars": "0.6000", "price": 0.4, "taker_side": "yes", "ticker": "KXINX-26MAR04H1600-B6887", "trade_id": "cae549f7-03a5-70aa-5184-b6419eebf48b", "yes_price": 40, "yes_price_dollars": "0.4000"}
{"count": 1, "count_fp": "1.00", "created_time": "2026-03-04T20:52:22.478783Z", "no_price": 12, "no_price_dollars": "0.1200", "price": 0.88, "taker_side": "yes", "ticker": "KXINX-26MAR04H1600-B6887", "trade_id": "1fc0d88f-412c-71a3-7451-e9b63253b98a", "yes_price": 88, "yes_price_dollars": "0.8800"}
{"count": 5, "count_fp": "5.00", "created_time": "2026-03-04T20:50:35.17249Z", "no_price": 87, "no_price_dollars": "0.8700", "price": 0.13, "taker_side": "yes", "ticker": "KXINX-26MAR04H1600-B6887", "trade_id": "04a80160-b076-7de0-b77e-3c2c7b112069", "yes_price": 13, "yes_price_dollars": "0.1300"}
{"count": 5, "count_fp": "5.00", "created_time": "2026-03-04T20:50:29.787505Z", "no_price": 78, "no_price_dollars": "0.7800", "price": 0.22, "taker_side": "yes", "ticker": "KXINX-26MAR04H1600-B6887", "trade_id": "73219a76-0f2d-4f5c-13bb-5bdc5ed743b3", "yes_price": 22, "yes_price_dollars": "0.2200"}
{"count": 5, "count_fp": "5.00", "created_time": "2026-03-04T20:50:25.160667Z", "no_price": 79, "no_price_dollars": "0.7900", "price": 0.21, "taker_side": "no", "ticker": "KXINX-26MAR04H1600-B6887", "trade_id": "21f79b72-8fd6-4586-2700-98b8966f71eb", "yes_price": 21, "yes_price_dollars": "0.2100"}
{"count": 2, "count_fp": "2.00", "created_time": "2026-03-04T20:50:09.682Z", "no_price": 85, "no_price_dollars": "0.8500", "price": 0.15, "taker_side": "no", "ticker": "KXINX-26MAR04H1600-B6887", "trade_id": "dbd15f8d-c485-7224-24b3-8cf35d765ce0", "yes_price": 15, "yes_price_dollars": "0.1500"}
{"count": 42, "count_fp": "42.00", "created_time": "2026-03-04T20:50:06.224539Z", "no_price": 81, "no_price_dollars": "0.8100", "price": 0.19, "taker_side": "no", "ticker": "KXINX-26MAR04H1600-B6887", "trade_id": "2f5400ba-caad-7274-7884-728064666c7f", "yes_price": 19, "yes_price_dollars": "0.1900"}
{"count": 5, "count_fp": "5.00", "created_time": "2026-03-04T20:50:05.630051Z", "no_price": 71, "no_price_dollars": "0.7100", "price": 0.29, "taker_side": "no", "ticker": "KXINX-26MAR04H1600-B6887", "trade_id": "fb381e29-33a8-5e6d-6186-ac2054025bd3", "yes_price": 29, "yes_price_dollars": "0.2900"}
{"count": 4, "count_fp": "4.00", "created_time": "2026-03-04T20:50:05.630051Z", "no_price": 71, "no_price_dollars": "0.7100", "price": 0.29, "taker_side": "no", "ticker": "KXINX-26MAR04H1600-B6887", "trade_id": "ddb48efc-7224-58cd-551f-f54d6f32d915", "yes_price": 29, "yes_price_dollars": "0.2900"}
{"count": 6, "count_fp": "6.00", "created_time": "2026-03-04T20:50:05.630051Z", "no_price": 71, "no_price_dollars": "0.7100", "price": 0.29, "taker_side": "no", "ticker": "KXINX-26MAR04H1600-B6887", "trade_id": "da9d65d7-07cb-56e6-4fda-6c1766e7425c", "yes_price": 29, "yes_price_dollars": "0.2900"}
{"count": 5, "count_fp": "5.00", "created_time": "2026-03-04T20:50:05.630051Z", "no_price": 71, "no_price_dollars": "0.7100", "price": 0.29, "taker_side": "no", "ticker": "KXINX-26MAR04H1600-B6887", "trade_id": "bec4879f-8fba-5a35-7267-e3d12e2b0ce6", "yes_price": 29, "yes_price_dollars": "0.2900"}
{"count": 6, "count_fp": "6.00", "created_time": "2026-03-04T20:50:05.630051Z", "no_price": 71, "no_price_dollars": "0.7100", "price": 0.29, "taker_side": "no", "ticker": "KXINX-26MAR04H1600-B6887", "trade_id": "568c76ff-389a-5be4-5423-4c356adfc5b1", "yes_price": 29, "yes_price_dollars": "0.2900"}
{"count": 4, "count_fp": "4.00", "created_time": "2026-03-04T20:50:05.630051Z", "no_price": 71, "no_price_dollars": "0.7100", "price": 0.29, "taker_side": "no", "ticker": "KXINX-26MAR04H1600-B6887", "trade_id": "49479704-57f2-59df-645b-90eee3fc8d5f", "yes_price": 29, "yes_price_dollars": "0.2900"}
{"count": 4, "count_fp": "4.00", "created_time": "2026-03-04T20:50:05.630051Z", "no_price": 71, "no_price_dollars": "0.7100", "price": 0.29, "taker_side": "no", "ticker": "KXINX-26MAR04H1600-B6887", "trade_id": "37a29547-94aa-54fa-5d57-0b4b30a1a136", "yes_price": 29, "yes_price_dollars": "0.2900"}
{"count": 5, "count_fp": "5.00", "created_time": "2026-03-04T20:50:05.630051Z", "no_price": 71, "no_price_dollars": "0.7100", "price": 0.29, "taker_side": "no", "ticker": "KXINX-26MAR04H1600-B6887", "trade_id": "2a9853bf-900a-5fea-7642-865354d3f33c", "yes_price": 29, "yes_price_dollars": "0.2900"}
{"count": 4, "count_fp": "4.00", "created_time": "2026-03-04T20:50:05.630051Z", "no_price": 71, "no_price_dollars": "0.7100", "price": 0.29, "taker_side": "no", "ticker": "KXINX-26MAR04H1600-B6887", "trade_id": "26db10a3-ddb2-5864-6242-bfa1dc939977", "yes_price": 29, "yes_price_dollars": "0.2900"}
{"count": 100, "count_fp": "100.00", "created_time": "2026-03-04T20:50:05.630051Z", "no_price": 71, "no_price_dollars": "0.7100", "price": 0.29, "taker_side": "no", "ticker": "KXINX-26MAR04H1600-B6887", "trade_id": "1c19baf9-1f77-50c5-72be-14e42165dd84", "yes_price": 29, "yes_price_dollars": "0.2900"}
{"count": 2, "count_fp": "2.00", "created_time": "2026-03-04T20:50:05.041958Z", "no_price": 70, "no_price_dollars": "0.7000", "price": 0.3, "taker_side": "no", "ticker": "KXINX-26MAR04H1600-B6887", "trade_id": "83615698-c098-50a1-cf2a-c834dd41e8b5", "yes_price": 30, "yes_price_dollars": "0.3000"}
{"count": 3, "count_fp": "3.00", "created_time": "2026-03-04T20:50:05.041958Z", "no_price": 70, "no_price_dollars": "0.7000", "price": 0.3, "taker_side": "no", "ticker": "KXINX-26MAR04H1600-B6887", "trade_id": "50d0b518-5cc4-5877-cd7c-56aa178eb890", "yes_price": 30, "yes_price_dollars": "0.3000"}
{"count": 5, "count_fp": "5.00", "created_time": "2026-03-04T20:50:01.486446Z", "no_price": 42, "no_price_dollars": "0.4200", "price": 0.58, "taker_side": "no", "ticker": "KXINX-26MAR04H1600-B6887", "trade_id": "9f9c71c5-3092-4e9c-5853-8f85747d1c40", "yes_price": 58, "yes_price_dollars": "0.5800"}
{"count": 2, "count_fp": "2.00", "created_time": "2026-03-04T20:50:00.842093Z", "no_price": 13, "no_price_dollars": "0.1300", "price": 0.87, "taker_side": "yes", "ticker": "KXINX-26MAR04H1600-B6887", "trade_id": "68d049f8-927a-77da-be95-b8faf5a1bf10", "yes_price": 87, "yes_price_dollars": "0.8700"}
{"count": 26, "count_fp": "26.00", "created_time": "2026-03-04T20:50:00.842093Z", "no_price": 12, "no_price_dollars": "0.1200", "price": 0.88, "taker_side": "yes", "ticker": "KXINX-26MAR04H1600-B6887", "trade_id": "3f27f3f8-0e31-7cdd-b6cd-7545da01fe35", "yes_price": 88, "yes_price_dollars": "0.8800"}
{"count": 5, "count_fp": "5.00", "created_time": "2026-03-04T20:49:35.243858Z", "no_price": 41, "no_price_dollars": "0.4100", "price": 0.59, "taker_side": "yes", "ticker": "KXINX-26MAR04H1600-B6887", "trade_id": "3c643852-e881-4b04-473f-bae050c3f383", "yes_price": 59, "yes_price_dollars": "0.5900"}
{"count": 7, "count_fp": "7.00", "created_time": "2026-03-04T20:48:38.073362Z", "no_price": 12, "no_price_dollars": "0.1200", "price": 0.88, "taker_side": "yes", "ticker": "KXINX-26MAR04H1600-B6887", "trade_id": "92fff23f-5631-5189-409a-df3e15c521a1", "yes_price": 88, "yes_price_dollars": "0.8800"}
{"count": 2, "count_fp": "2.00", "created_time": "2026-03-04T20:48:38.073362Z", "no_price": 13, "no_price_dollars": "0.1300", "price": 0.87, "taker_side": "yes", "ticker": "KXINX-26MAR04H1600-B6887", "trade_id": "14ce6632-2159-5c72-7689-dcfa28e714ad", "yes_price": 87, "yes_price_dollars": "0.8700"}
{"count": 5, "count_fp": "5.00", "created_time": "2026-03-04T20:48:25.157825Z", "no_price": 41, "no_price_dollars": "0.4100", "price": 0.59, "taker_side": "yes", "ticker": "KXINX-26MAR04H1600-B6887", "trade_id": "eaf77537-0e1e-6682-4c57-3da45cf0ea51", "yes_price": 59, "yes_price_dollars": "0.5900"}
{"count": 5, "count_fp": "5.00", "created_time": "2026-03-04T20:47:20.049516Z", "no_price": 41, "no_price_dollars": "0.4100", "price": 0.59, "taker_side": "yes", "ticker": "KXINX-26MAR04H1600-B6887", "trade_id": "e2d6515f-bcfd-4557-7d97-cdbc1fc40608", "yes_price": 59, "yes_price_dollars": "0.5900"}
{"count": 5, "count_fp": "5.00", "created_time": "2026-03-04T20:46:09.920441Z", "no_price": 41, "no_price_dollars": "0.4100", "price": 0.59, "taker_side": "yes", "ticker": "KXINX-26MAR04H1600-B6887", "trade_id": "61fa9851-4a41-40d7-e459-4a1ee370a144", "yes_price": 59, "yes_price_dollars": "0.5900"}
{"count": 5, "count_fp": "5.00", "created_time": "2026-03-04T20:40:14.810289Z", "no_price": 42, "no_price_dollars": "0.4200", "price": 0.58, "taker_side": "no", "ticker": "KXINX-26MAR04H1600-B6887", "trade_id": "9128a8b1-f81b-7692-64c4-71d1942d51b7", "yes_price": 58, "yes_price_dollars": "0.5800"}
{"count": 5, "count_fp": "5.00", "created_time": "2026-03-04T20:38:26.594201Z", "no_price": 41, "no_price_dollars": "0.4100", "price": 0.59, "taker_side": "yes", "ticker": "KXINX-26MAR04H1600-B6887", "trade_id": "7e2bcf3b-8b7c-4f31-fef9-e1ce5371d80a", "yes_price": 59, "yes_price_dollars": "0.5900"}
{"count": 5, "count_fp": "5.00", "created_time": "2026-03-04T20:37:53.240557Z", "no_price": 41, "no_price_dollars": "0.4100", "price": 0.59, "taker_side": "yes", "ticker": "KXINX-26MAR04H1600-B6887", "trade_id": "9a2b019f-ed79-5112-7246-791e9ddbffbc", "yes_price": 59, "yes_price_dollars": "0.5900"}
{"count": 5, "count_fp": "5.00", "created_time": "2026-03-04T20:36:29.806149Z", "no_price": 42, "no_price_dollars": "0.4200", "price": 0.58, "taker_side": "no", "ticker": "KXINX-26MAR04H1600-B6887", "trade_id": "f9d6916f-8815-4697-91d9-bc662da312eb", "yes_price": 58, "yes_price_dollars": "0.5800"}
{"count": 4, "count_fp": "4.00", "created_time": "2026-03-04T20:35:01.6949Z", "no_price": 47, "no_price_dollars": "0.4700", "price": 0.53, "taker_side": "no", "ticker": "KXINX-26MAR04H1600-B6887", "trade_id": "b4af4a66-54a7-7921-d7af-1cbc51aeec81", "yes_price": 53, "yes_price_dollars": "0.5300"}
{"count": 4, "count_fp": "4.00", "created_time": "2026-03-04T20:35:01.6949Z", "no_price": 47, "no_price_dollars": "0.4700", "price": 0.53, "taker_side": "no", "ticker": "KXINX-26MAR04H1600-B6887", "trade_id": "7ae47f57-7073-7c93-cc9b-31edf93f99f1", "yes_price": 53, "yes_price_dollars": "0.5300"}
{"count": 5, "count_fp": "5.00", "created_time": "2026-03-04T20:34:41.347039Z", "no_price": 30, "no_price_dollars": "0.3000", "price": 0.7, "taker_side": "no", "ticker": "KXINX-26MAR04H1600-B6887", "trade_id": "99fbb047-15fe-66c2-6089-2f75ce3b284f", "yes_price": 70, "yes_price_dollars": "0.7000"}
{"count": 9, "count_fp": "9.00", "created_time": "2026-03-04T20:34:15.958696Z", "no_price": 24, "no_price_dollars": "0.2400", "price": 0.76, "taker_side": "yes", "ticker": "KXINX-26MAR04H1600-B6887", "trade_id": "e1512f85-8da1-727c-6199-11c658bb9eff", "yes_price": 76, "yes_price_dollars": "0.7600"}
{"count": 17, "count_fp": "17.00", "created_time": "2026-03-04T20:34:15.958696Z", "no_price": 12, "no_price_dollars": "0.1200", "price": 0.88, "taker_side": "yes", "ticker": "KXINX-26MAR04H1600-B6887", "trade_id": "1aa90945-ece1-7641-51c5-dd603cec5c45", "yes_price": 88, "yes_price_dollars": "0.8800"}
{"count": 5, "count_fp": "5.00", "created_time": "2026-03-04T20:34:15.958696Z", "no_price": 46, "no_price_dollars": "0.4600", "price": 0.54, "taker_side": "yes", "ticker": "KXINX-26MAR04H1600-B6887", "trade_id": "0dcab4b4-73a3-79b1-5c61-6e870450b4c5", "yes_price": 54, "yes_price_dollars": "0.5400"}
{"count": 2, "count_fp": "2.00", "created_time": "2026-03-04T20:34:15.958696Z", "no_price": 46, "no_price_dollars": "0.4600", "price": 0.54, "taker_side": "yes", "ticker": "KXINX-26MAR04H1600-B6887", "trade_id": "0ad085a6-ce7b-76e6-42de-a5e2aee2c51f", "yes_price": 54, "yes_price_dollars": "0.5400"}
{"count": 3, "count_fp": "3.00", "created_time": "2026-03-04T20:33:19.258362Z", "no_price": 24, "no_price_dollars": "0.2400", "price": 0.76, "taker_side": "yes", "ticker": "KXINX-26MAR04H1600-B6887", "trade_id": "442448f6-af05-48d8-6238-0aaf9fabe023", "yes_price": 76, "yes_price_dollars": "0.7600"}
{"count": 3, "count_fp": "3.00", "created_time": "2026-03-04T20:33:19.258362Z", "no_price": 24, "no_price_dollars": "0.2400", "price": 0.76, "taker_side": "yes", "ticker": "KXINX-26MAR04H1600-B6887", "trade_id": "04f46b72-41d7-4fb4-7880-6758cc916e8b", "yes_price": 76, "yes_price_dollars": "0.7600"}
{"count": 5, "count_fp": "5.00", "created_time": "2026-03-04T20:33:12.582006Z", "no_price": 46, "no_price_dollars": "0.4600", "price": 0.54, "taker_side": "yes", "ticker": "KXINX-26MAR04H1600-B6887", "trade_id": "c717de3d-c886-67f4-96e8-7882c0657644", "yes_price": 54, "yes_price_dollars": "0.5400"}
{"count": 5, "count_fp": "5.00", "created_time": "2026-03-04T20:32:28.462781Z", "no_price": 47, "no_price_dollars": "0.4700", "price": 0.53, "taker_side": "no", "ticker": "KXINX-26MAR04H1600-B6887", "trade_id": "686c2f0c-95b4-7f6d-5abf-aa670c70f383", "yes_price": 53, "yes_price_dollars": "0.5300"}
{"count": 5, "count_fp": "5.00", "created_time": "2026-03-04T20:31:25.319607Z", "no_price": 46, "no_price_dollars": "0.4600", "price": 0.54, "taker_side": "yes", "ticker": "KXINX-26MAR04H1600-B6887", "trade_id": "0534c492-25a9-4725-39fa-466343c58770", "yes_price": 54, "yes_price_dollars": "0.5400"}
{"count": 5, "count_fp": "5.00", "created_time": "2026-03-04T20:30:11.521703Z", "no_price": 46, "no_price_dollars": "0.4600", "price": 0.54, "taker_side": "yes", "ticker": "KXINX-26MAR04H1600-B6887", "trade_id": "077ffa07-7f11-7070-11c0-8045e29c31fa", "yes_price": 54, "yes_price_dollars": "0.5400"}
{"count": 7, "count_fp": "7.00", "created_time": "2026-03-04T20:29:11.617862Z", "no_price": 47, "no_price_dollars": "0.4700", "price": 0.53, "taker_side": "yes", "ticker": "KXINX-26MAR04H1600-B6887", "trade_id": "d9bc3db5-bdf3-4f28-3a51-4f98dc4978ca", "yes_price": 53, "yes_price_dollars": "0.5300"}
{"count": 5, "count_fp": "5.00", "created_time": "2026-03-04T20:29:11.617862Z", "no_price": 47, "no_price_dollars": "0.4700", "price": 0.53, "taker_side": "yes", "ticker": "KXINX-26MAR04H1600-B6887", "trade_id": "c0020345-3d03-438a-284d-1cf3cc2c3984", "yes_price": 53, "yes_price_dollars": "0.5300"}
{"count": 5, "count_fp": "5.00", "created_time": "2026-03-04T20:28:22.888916Z", "no_price": 47, "no_price_dollars": "0.4700", "price": 0.53, "taker_side": "yes", "ticker": "KXINX-26MAR04H1600-B6887", "trade_id": "80ef6c93-6605-5a9d-5220-1eaf5428594c", "yes_price": 53, "yes_price_dollars": "0.5300"}
{"count": 4, "count_fp": "4.00", "created_time": "2026-03-04T20:27:37.258968Z", "no_price": 48, "no_price_dollars": "0.4800", "price": 0.52, "taker_side": "no", "ticker": "KXINX-26MAR04H1600-B6887", "trade_id": "3dc28f62-796d-7113-b35e-4132590cd277", "yes_price": 52, "yes_price_dollars": "0.5200"}
{"count": 5, "count_fp": "5.00", "created_time": "2026-03-04T20:26:31.939124Z", "no_price": 48, "no_price_dollars": "0.4800", "price": 0.52, "taker_side": "no", "ticker": "KXINX-26MAR04H1600-B6887", "trade_id": "ee3dc9fb-3c56-52c8-1c8c-d82edd3707c3", "yes_price": 52, "yes_price_dollars": "0.5200"}
{"count": 5, "count_fp": "5.00", "created_time": "2026-03-04T20:25:26.903552Z", "no_price": 47, "no_price_dollars": "0.4700", "price": 0.53, "taker_side": "no", "ticker": "KXINX-26MAR04H1600-B6887", "trade_id": "db597406-f29f-715f-5470-0bf906c491f5", "yes_price": 53, "yes_price_dollars": "0.5300"}
{"count": 5, "count_fp": "5.00", "created_time": "2026-03-04T20:23:57.055Z", "no_price": 47, "no_price_dollars": "0.4700", "price": 0.53, "taker_side": "no", "ticker": "KXINX-26MAR04H1600-B6887", "trade_id": "09e02b4a-6cd5-49b8-106f-dcbfd9d16abb", "yes_price": 53, "yes_price_dollars": "0.5300"}
{"count": 5, "count_fp": "5.00", "created_time": "2026-03-04T20:22:47.531091Z", "no_price": 47, "no_price_dollars": "0.4700", "price": 0.53, "taker_side": "no", "ticker": "KXINX-26MAR04H1600-B6887", "trade_id": "43707ca7-ecb6-4f4c-1316-637522a782e3", "yes_price": 53, "yes_price_dollars": "0.5300"}
{"count": 5, "count_fp": "5.00", "created_time": "2026-03-04T20:21:42.83575Z", "no_price": 56, "no_price_dollars": "0.5600", "price": 0.44, "taker_side": "no", "ticker": "KXINX-26MAR04H1600-B6887", "trade_id": "3837bfe8-b988-4532-7190-fe0b6544211b", "yes_price": 44, "yes_price_dollars": "0.4400"}
{"count": 45, "count_fp": "45.00", "created_time": "2026-03-04T20:21:16.799607Z", "no_price": 56, "no_price_dollars": "0.5600", "price": 0.44, "taker_side": "no", "ticker": "KXINX-26MAR04H1600-B6887", "trade_id": "91d5a591-2549-4afb-8b75-7436d0240007", "yes_price": 44, "yes_price_dollars": "0.4400"}
{"count": 240, "count_fp": "240.00", "created_time": "2026-03-04T20:21:16.799607Z", "no_price": 56, "no_price_dollars": "0.5600", "price": 0.44, "taker_side": "no", "ticker": "KXINX-26MAR04H1600-B6887", "trade_id": "247584d4-4336-4c81-bc70-5656c1ec5ad3", "yes_price": 44, "yes_price_dollars": "0.4400"}
{"count": 5, "count_fp": "5.00", "created_time": "2026-03-04T20:21:15.83236Z", "no_price": 55, "no_price_dollars": "0.5500", "price": 0.45, "taker_side": "no", "ticker": "KXINX-26MAR04H1600-B6887", "trade_id": "a394173e-229f-59c6-e3b1-c32175c1f3c1", "yes_price": 45, "yes_price_dollars": "0.4500"}
{"count": 5, "count_fp": "5.00", "created_time": "2026-03-04T20:20:32.654728Z", "no_price": 40, "no_price_dollars": "0.4000", "price": 0.6, "taker_side": "no", "ticker": "KXINX-26MAR04H1600-B6887", "trade_id": "14d75946-16bf-5ac2-4387-653d0bfe7697", "yes_price": 60, "yes_price_dollars": "0.6000"}
{"count": 5, "count_fp": "5.00", "created_time": "2026-03-04T20:19:02.529512Z", "no_price": 36, "no_price_dollars": "0.3600", "price": 0.64, "taker_side": "no", "ticker": "KXINX-26MAR04H1600-B6887", "trade_id": "88d846e7-5f20-62f5-fafe-428dab30df25", "yes_price": 64, "yes_price_dollars": "0.6400"}
{"count": 5, "count_fp": "5.00", "created_time": "2026-03-04T20:17:54.301539Z", "no_price": 39, "no_price_dollars": "0.3900", "price": 0.61, "taker_side": "no", "ticker": "KXINX-26MAR04H1600-B6887", "trade_id": "8bc599f7-47ec-4530-7973-297b63d5159f", "yes_price": 61, "yes_price_dollars": "0.6100"}
{"count": 1, "count_fp": "1.00", "created_time": "2026-03-04T20:07:13.907795Z", "no_price": 23, "no_price_dollars": "0.2300", "price": 0.77, "taker_side": "yes", "ticker": "KXINX-26MAR04H1600-B6887", "trade_id": "588262c3-bdc7-52fe-9977-4ca29f472a70", "yes_price": 77, "yes_price_dollars": "0.7700"}
{"count": 66, "count_fp": "66.00", "created_time": "2026-03-04T20:02:46.293798Z", "no_price": 26, "no_price_dollars": "0.2600", "price": 0.74, "taker_side": "yes", "ticker": "KXINX-26MAR04H1600-B6887", "trade_id": "f7e76dd8-ba60-79f4-257b-b4ce88d7f98f", "yes_price": 74, "yes_price_dollars": "0.7400"}
{"count": 9, "count_fp": "9.00", "created_time": "2026-03-04T20:01:47.020834Z", "no_price": 25, "no_price_dollars": "0.2500", "price": 0.75, "taker_side": "yes", "ticker": "KXINX-26MAR04H1600-B6887", "trade_id": "d97d2662-c349-76d6-020a-be38b4935828", "yes_price": 75, "yes_price_dollars": "0.7500"}
{"count": 240, "count_fp": "240.00", "created_time": "2026-03-04T20:01:45.786719Z", "no_price": 45, "no_price_dollars": "0.4500", "price": 0.55, "taker_side": "yes", "ticker": "KXINX-26MAR04H1600-B6887", "trade_id": "d32c5558-3621-751d-d0ae-9391e6f5902e", "yes_price": 55, "yes_price_dollars": "0.5500"}
{"count": 1, "count_fp": "1.00", "created_time": "2026-03-04T20:01:39.470521Z", "no_price": 24, "no_price_dollars": "0.2400", "price": 0.76, "taker_side": "yes", "ticker": "KXINX-26MAR04H1600-B6887", "trade_id": "4dde2df2-11fb-462f-7a09-a545e954db1b", "yes_price": 76, "yes_price_dollars": "0.7600"}
{"count": 12, "count_fp": "12.00", "created_time": "2026-03-04T19:39:19.592741Z", "no_price": 28, "no_price_dollars": "0.2800", "price": 0.72, "taker_side": "yes", "ticker": "KXINX-26MAR04H1600-B6887", "trade_id": "47ab5fe7-93f4-725e-0e78-aadab2e9bfc0", "yes_price": 72, "yes_price_dollars": "0.7200"}
{"count": 147, "count_fp": "147.00", "created_time": "2026-03-04T19:37:27.653642Z", "no_price": 29, "no_price_dollars": "0.2900", "price": 0.71, "taker_side": "no", "ticker": "KXINX-26MAR04H1600-B6887", "trade_id": "98e91534-eb63-765f-9a35-c23f2df9f031", "yes_price": 71, "yes_price_dollars": "0.7100"}
{"count": 3, "count_fp": "3.00", "created_time": "2026-03-04T19:37:27.619582Z", "no_price": 29, "no_price_dollars": "0.2900", "price": 0.71, "taker_side": "yes", "ticker": "KXINX-26MAR04H1600-B6887", "trade_id": "798e2b7a-c500-5996-2f7b-809b9d5dba1d", "yes_price": 71, "yes_price_dollars": "0.7100"}
{"count": 30, "count_fp": "30.00", "created_time": "2026-03-04T19:34:37.419973Z", "no_price": 33, "no_price_dollars": "0.3300", "price": 0.67, "taker_side": "yes", "ticker": "KXINX-26MAR04H1600-B6887", "trade_id": "22febed5-70dc-6eae-bf3f-5255d4253451", "yes_price": 67, "yes_price_dollars": "0.6700"}
{"count": 44, "count_fp": "44.00", "created_time": "2026-03-04T19:33:35.542985Z", "no_price": 34, "no_price_dollars": "0.3400", "price": 0.66, "taker_side": "yes", "ticker": "KXINX-26MAR04H1600-B6887", "trade_id": "14ee2e39-e125-488a-441f-2cee8c034224", "yes_price": 66, "yes_price_dollars": "0.6600"}
{"count": 7, "count_fp": "7.00", "created_time": "2026-03-04T19:26:06.931205Z", "no_price": 33, "no_price_dollars": "0.3300", "price": 0.67, "taker_side": "yes", "ticker": "KXINX-26MAR04H1600-B6887", "trade_id": "f79a3b95-8e22-6153-051d-8421ef1d0e58", "yes_price": 67, "yes_price_dollars": "0.6700"}
{"count": 5, "count_fp": "5.00", "created_time": "2026-03-04T19:23:46.116943Z", "no_price": 33, "no_price_dollars": "0.3300", "price": 0.67, "taker_side": "yes", "ticker": "KXINX-26MAR04H1600-B6887", "trade_id": "66bbcae2-c782-52f7-9461-5edbbd8b9740", "yes_price": 67, "yes_price_dollars": "0.6700"}
{"count": 5, "count_fp": "5.00", "created_time": "2026-03-04T19:12:25.503236Z", "no_price": 41, "no_price_dollars": "0.4100", "price": 0.59, "taker_side": "yes", "ticker": "KXINX-26MAR04H1600-B6887", "trade_id": "38b66463-3de7-50da-2c38-ce562289f715", "yes_price": 59, "yes_price_dollars": "0.5900"}
{"count": 62, "count_fp": "62.00", "created_time": "2026-03-04T19:10:25.58409Z", "no_price": 42, "no_price_dollars": "0.4200", "price": 0.58, "taker_side": "yes", "ticker": "KXINX-26MAR04H1600-B6887", "trade_id": "01f18851-f2c6-7d7d-3cf3-1a7e7f446035", "yes_price": 58, "yes_price_dollars": "0.5800"}
{"count": 5, "count_fp": "5.00", "created_time": "2026-03-04T19:01:10.896587Z", "no_price": 71, "no_price_dollars": "0.7100", "price": 0.29, "taker_side": "no", "ticker": "KXINX-26MAR04H1600-B6887", "trade_id": "f82e613a-642c-5ccd-db49-c8390101fb7d", "yes_price": 29, "yes_price_dollars": "0.2900"}
{"count": 1, "count_fp": "1.00", "created_time": "2026-03-04T18:54:01.433129Z", "no_price": 42, "no_price_dollars": "0.4200", "price": 0.58, "taker_side": "yes", "ticker": "KXINX-26MAR04H1600-B6887", "trade_id": "b2e05c06-b2ce-5b35-d646-5a518c9a8b19", "yes_price": 58, "yes_price_dollars": "0.5800"}
{"count": 91, "count_fp": "91.00", "created_time": "2026-03-04T18:49:35.992999Z", "no_price": 47, "no_price_dollars": "0.4700", "price": 0.53, "taker_side": "yes", "ticker": "KXINX-26MAR04H1600-B6887", "trade_id": "05fe42d7-0d9a-4f5b-3913-26c72e0457b8", "yes_price": 53, "yes_price_dollars": "0.5300"}
{"count": 71, "count_fp": "71.00", "created_time": "2026-03-04T18:49:25.912128Z", "no_price": 48, "no_price_dollars": "0.4800", "price": 0.52, "taker_side": "yes", "ticker": "KXINX-26MAR04H1600-B6887", "trade_id": "9865e83c-984d-4f34-b742-d9d09e308401", "yes_price": 52, "yes_price_dollars": "0.5200"}
{"count": 71, "count_fp": "71.00", "created_time": "2026-03-04T18:47:39.087249Z", "no_price": 48, "no_price_dollars": "0.4800", "price": 0.52, "taker_side": "yes", "ticker": "KXINX-26MAR04H1600-B6887", "trade_id": "2bda3c46-ab47-400b-bec4-23f1af71b69b", "yes_price": 52, "yes_price_dollars": "0.5200"}
{"count": 9, "count_fp": "9.00", "created_time": "2026-03-04T18:47:06.214333Z", "no_price": 47, "no_price_dollars": "0.4700", "price": 0.53, "taker_side": "yes", "ticker": "KXINX-26MAR04H1600-B6887", "trade_id": "1abf786a-2e8a-7afb-f717-1d2c75712238", "yes_price": 53, "yes_price_dollars": "0.5300"}
{"count": 71, "count_fp": "71.00", "created_time": "2026-03-04T18:45:31.685949Z", "no_price": 48, "no_price_dollars": "0.4800", "price": 0.52, "taker_side": "yes", "ticker": "KXINX-26MAR04H1600-B6887", "trade_id": "8d34f647-1bd1-7824-ffaf-1bcf81b41f0b", "yes_price": 52, "yes_price_dollars": "0.5200"}
{"count": 50, "count_fp": "50.00", "created_time": "2026-03-04T18:20:14.747977Z", "no_price": 71, "no_price_dollars": "0.7100", "price": 0.29, "taker_side": "no", "ticker": "KXINX-26MAR04H1600-B6887", "trade_id": "311f1569-3b2c-6f81-ca1e-d618cbe9c0a9", "yes_price": 29, "yes_price_dollars": "0.2900"}
{"count": 18, "count_fp": "18.00", "created_time": "2026-03-04T18:08:37.024113Z", "no_price": 48, "no_price_dollars": "0.4800", "price": 0.52, "taker_side": "yes", "ticker": "KXINX-26MAR04H1600-B6887", "trade_id": "49667f1f-9bb8-5f5e-e6b6-b8d10fd81b49", "yes_price": 52, "yes_price_dollars": "0.5200"}
{"count": 88, "count_fp": "88.00", "created_time": "2026-03-04T17:31:48.223315Z", "no_price": 60, "no_price_dollars": "0.6000", "price": 0.4, "taker_side": "no", "ticker": "KXINX-26MAR04H1600-B6887", "trade_id": "ed3fba9e-fd4e-7125-03c5-91bfa7f8974e", "yes_price": 40, "yes_price_dollars": "0.4000"}
{"count": 6, "count_fp": "6.00", "created_time": "2026-03-04T17:31:11.698731Z", "no_price": 64, "no_price_dollars": "0.6400", "price": 0.36, "taker_side": "no", "ticker": "KXINX-26MAR04H1600-B6887", "trade_id": "c4fe1e17-8aaa-4b98-7f1d-6e37ab4c75ab", "yes_price": 36, "yes_price_dollars": "0.3600"}
{"count": 9, "count_fp": "9.00", "created_time": "2026-03-04T17:27:20.893381Z", "no_price": 50, "no_price_dollars": "0.5000", "price": 0.5, "taker_side": "yes", "ticker": "KXINX-26MAR04H1600-B6887", "trade_id": "421f4969-5900-74fa-596e-7f21b0fa6331", "yes_price": 50, "yes_price_dollars": "0.5000"}
{"count": 5, "count_fp": "5.00", "created_time": "2026-03-04T17:13:22.473447Z", "no_price": 41, "no_price_dollars": "0.4100", "price": 0.59, "taker_side": "no", "ticker": "KXINX-26MAR04H1600-B6887", "trade_id": "c93ce060-3f86-6cf4-48e2-52487b38db86", "yes_price": 59, "yes_price_dollars": "0.5900"}
{"count": 98, "count_fp": "98.00", "created_time": "2026-03-04T17:11:25.67028Z", "no_price": 58, "no_price_dollars": "0.5800", "price": 0.42, "taker_side": "yes", "ticker": "KXINX-26MAR04H1600-B6887", "trade_id": "e66ce9e1-7ec2-6cc2-d4a1-669b49527f15", "yes_price": 42, "yes_price_dollars": "0.4200"}
{"count": 5, "count_fp": "5.00", "created_time": "2026-03-04T17:11:25.67028Z", "no_price": 59, "no_price_dollars": "0.5900", "price": 0.41, "taker_side": "yes", "ticker": "KXINX-26MAR04H1600-B6887", "trade_id": "d0887d71-88ea-6d4f-ced4-8bb25ffbdc32", "yes_price": 41, "yes_price_dollars": "0.4100"}
{"count": 10, "count_fp": "10.00", "created_time": "2026-03-04T17:11:25.67028Z", "no_price": 54, "no_price_dollars": "0.5400", "price": 0.46, "taker_side": "yes", "ticker": "KXINX-26MAR04H1600-B6887", "trade_id": "bfee4a8d-e177-67e7-d033-3e7531f62cff", "yes_price": 46, "yes_price_dollars": "0.4600"}
{"count": 12, "count_fp": "12.00", "created_time": "2026-03-04T17:11:25.67028Z", "no_price": 19, "no_price_dollars": "0.1900", "price": 0.81, "taker_side": "yes", "ticker": "KXINX-26MAR04H1600-B6887", "trade_id": "af13ad86-875b-65b6-e875-34657f05376d", "yes_price": 81, "yes_price_dollars": "0.8100"}
{"count": 12, "count_fp": "12.00", "created_time": "2026-03-04T17:11:25.67028Z", "no_price": 47, "no_price_dollars": "0.4700", "price": 0.53, "taker_side": "yes", "ticker": "KXINX-26MAR04H1600-B6887", "trade_id": "9b513565-67ad-6dec-de30-0d295df20b84", "yes_price": 53, "yes_price_dollars": "0.5300"}
{"count": 8, "count_fp": "8.00", "created_time": "2026-03-04T17:11:25.67028Z", "no_price": 17, "no_price_dollars": "0.1700", "price": 0.83, "taker_side": "yes", "ticker": "KXINX-26MAR04H1600-B6887", "trade_id": "6681c266-2836-62f0-c892-e18c09b8b0e3", "yes_price": 83, "yes_price_dollars": "0.8300"}
{"count": 12, "count_fp": "12.00", "created_time": "2026-03-04T17:11:25.67028Z", "no_price": 55, "no_price_dollars": "0.5500", "price": 0.45, "taker_side": "yes", "ticker": "KXINX-26MAR04H1600-B6887", "trade_id": "649f60b3-db44-6fac-fa4b-0379f73d0c53", "yes_price": 45, "yes_price_dollars": "0.4500"}
{"count": 5, "count_fp": "5.00", "created_time": "2026-03-04T17:11:25.67028Z", "no_price": 52, "no_price_dollars": "0.5200", "price": 0.48, "taker_side": "yes", "ticker": "KXINX-26MAR04H1600-B6887", "trade_id": "1fa44bc6-9c04-63f3-e819-b29b0c9f329a", "yes_price": 48, "yes_price_dollars": "0.4800"}
{"count": 1, "count_fp": "1.00", "created_time": "2026-03-04T17:02:12.715938Z", "no_price": 60, "no_price_dollars": "0.6000", "price": 0.4, "taker_side": "yes", "ticker": "KXINX-26MAR04H1600-B6887", "trade_id": "9e056855-7059-5f0c-e5c3-103257495608", "yes_price": 40, "yes_price_dollars": "0.4000"}
{"count": 3, "count_fp": "3.00", "created_time": "2026-03-04T16:54:43.826723Z", "no_price": 59, "no_price_dollars": "0.5900", "price": 0.41, "taker_side": "yes", "ticker": "KXINX-26MAR04H1600-B6887", "trade_id": "cdcd5b5f-afc5-5b61-34be-5e6710651ef2", "yes_price": 41, "yes_price_dollars": "0.4100"}
{"count": 20, "count_fp": "20.00", "created_time": "2026-03-04T16:54:43.826723Z", "no_price": 58, "no_price_dollars": "0.5800", "price": 0.42, "taker_side": "yes", "ticker": "KXINX-26MAR04H1600-B6887", "trade_id": "78235ffb-e83e-5672-14f3-ec09a48823b5", "yes_price": 42, "yes_price_dollars": "0.4200"}
{"count": 5, "count_fp": "5.00", "created_time": "2026-03-04T16:43:08.412979Z", "no_price": 65, "no_price_dollars": "0.6500", "price": 0.35, "taker_side": "yes", "ticker": "KXINX-26MAR04H1600-B6887", "trade_id": "03d7ee87-0ce6-5002-c2f7-f82ddb04bc01", "yes_price": 35, "yes_price_dollars": "0.3500"}
{"count": 5, "count_fp": "5.00", "created_time": "2026-03-04T16:39:00.083415Z", "no_price": 68, "no_price_dollars": "0.6800", "price": 0.32, "taker_side": "yes", "ticker": "KXINX-26MAR04H1600-B6887", "trade_id": "34a11aa5-997d-7eb4-8534-11693775cd15", "yes_price": 32, "yes_price_dollars": "0.3200"}
{"count": 60, "count_fp": "60.00", "created_time": "2026-03-04T16:38:05.796704Z", "no_price": 65, "no_price_dollars": "0.6500", "price": 0.35, "taker_side": "no", "ticker": "KXINX-26MAR04H1600-B6887", "trade_id": "7ef5672b-1a0a-7ad7-cf8e-82d21d2e0b3c", "yes_price": 35, "yes_price_dollars": "0.3500"}
{"count": 5, "count_fp": "5.00", "created_time": "2026-03-04T16:38:04.372495Z", "no_price": 64, "no_price_dollars": "0.6400", "price": 0.36, "taker_side": "no", "ticker": "KXINX-26MAR04H1600-B6887", "trade_id": "055af1b6-3016-7db6-de1f-b4da4744c9a0", "yes_price": 36, "yes_price_dollars": "0.3600"}
{"count": 1, "count_fp": "1.00", "created_time": "2026-03-04T16:37:10.022502Z", "no_price": 63, "no_price_dollars": "0.6300", "price": 0.37, "taker_side": "yes", "ticker": "KXINX-26MAR04H1600-B6887", "trade_id": "ae7069c7-69ff-4b87-4f4d-4071dc410fad", "yes_price": 37, "yes_price_dollars": "0.3700"}
{"count": 50, "count_fp": "50.00", "created_time": "2026-03-04T16:29:21.195206Z", "no_price": 66, "no_price_dollars": "0.6600", "price": 0.34, "taker_side": "yes", "ticker": "KXINX-26MAR04H1600-B6887", "trade_id": "75c78f82-f97b-73c7-06ad-904421e7fa3b", "yes_price": 34, "yes_price_dollars": "0.3400"}
{"count": 57, "count_fp": "57.00", "created_time": "2026-03-04T16:25:21.88639Z", "no_price": 73, "no_price_dollars": "0.7300", "price": 0.27, "taker_side": "yes", "ticker": "KXINX-26MAR04H1600-B6887", "trade_id": "030c6ff7-68ba-6dd4-38fa-0b93bd387cae", "yes_price": 27, "yes_price_dollars": "0.2700"}
{"count": 1, "count_fp": "1.00", "created_time": "2026-03-04T16:17:07.652179Z", "no_price": 71, "no_price_dollars": "0.7100", "price": 0.29, "taker_side": "yes", "ticker": "KXINX-26MAR04H1600-B6887", "trade_id": "5d693faf-d74a-4b8c-36ef-89988c9b7056", "yes_price": 29, "yes_price_dollars": "0.2900"}
{"count": 1, "count_fp": "1.00", "created_time": "2026-03-04T16:02:07.005609Z", "no_price": 62, "no_price_dollars": "0.6200", "price": 0.38, "taker_side": "yes", "ticker": "KXINX-26MAR04H1600-B6887", "trade_id": "514701e9-9d5a-641c-2c84-c6ac231569be", "yes_price": 38, "yes_price_dollars": "0.3800"}
{"count": 1, "count_fp": "1.00", "created_time": "2026-03-04T15:57:06.081399Z", "no_price": 68, "no_price_dollars": "0.6800", "price": 0.32, "taker_side": "yes", "ticker": "KXINX-26MAR04H1600-B6887", "trade_id": "2f90bbd5-5c06-7a48-8525-8cfde6c9ff86", "yes_price": 32, "yes_price_dollars": "0.3200"}
{"count": 60, "count_fp": "60.00", "created_time": "2026-03-04T15:52:57.540193Z", "no_price": 74, "no_price_dollars": "0.7400", "price": 0.26, "taker_side": "no", "ticker": "KXINX-26MAR04H1600-B6887", "trade_id": "368c643c-4a73-73ed-b4d4-c9b77b89039f", "yes_price": 26, "yes_price_dollars": "0.2600"}
{"count": 2, "count_fp": "2.00", "created_time": "2026-03-04T15:31:32.60827Z", "no_price": 70, "no_price_dollars": "0.7000", "price": 0.3, "taker_side": "no", "ticker": "KXINX-26MAR04H1600-B6887", "trade_id": "0f4272fe-c057-61c5-b6c2-236eabeda249", "yes_price": 30, "yes_price_dollars": "0.3000"}
{"count": 59, "count_fp": "59.00", "created_time": "2026-03-04T15:16:07.064092Z", "no_price": 80, "no_price_dollars": "0.8000", "price": 0.2, "taker_side": "no", "ticker": "KXINX-26MAR04H1600-B6887", "trade_id": "c64d74b4-19bc-7f66-82d5-aa7b9e6328ef", "yes_price": 20, "yes_price_dollars": "0.2000"}
{"count": 5, "count_fp": "5.00", "created_time": "2026-03-04T15:12:38.113027Z", "no_price": 81, "no_price_dollars": "0.8100", "price": 0.19, "taker_side": "yes", "ticker": "KXINX-26MAR04H1600-B6887", "trade_id": "f15e9952-727e-69c4-35c2-2ccc0eff8efe", "yes_price": 19, "yes_price_dollars": "0.1900"}
{"count": 97, "count_fp": "97.00", "created_time": "2026-03-04T15:11:22.792986Z", "no_price": 81, "no_price_dollars": "0.8100", "price": 0.19, "taker_side": "yes", "ticker": "KXINX-26MAR04H1600-B6887", "trade_id": "83c89702-c88c-43ed-1d91-c3b1d6ff3502", "yes_price": 19, "yes_price_dollars": "0.1900"}
{"count": 4, "count_fp": "4.00", "created_time": "2026-03-04T14:56:37.180661Z", "no_price": 71, "no_price_dollars": "0.7100", "price": 0.29, "taker_side": "yes", "ticker": "KXINX-26MAR04H1600-B6887", "trade_id": "ca60bd41-88b4-6e6f-73dd-6bb9d6c2a4aa", "yes_price": 29, "yes_price_dollars": "0.2900"}
{"count": 3, "count_fp": "3.00", "created_time": "2026-03-04T14:56:37.180661Z", "no_price": 58, "no_price_dollars": "0.5800", "price": 0.42, "taker_side": "yes", "ticker": "KXINX-26MAR04H1600-B6887", "trade_id": "c9caac41-d302-6ade-70a0-ae2d923794d9", "yes_price": 42, "yes_price_dollars": "0.4200"}
{"count": 12, "count_fp": "12.00", "created_time": "2026-03-04T14:56:37.180661Z", "no_price": 63, "no_price_dollars": "0.6300", "price": 0.37, "taker_side": "yes", "ticker": "KXINX-26MAR04H1600-B6887", "trade_id": "a0a9f918-584d-6ff0-4617-fd21fbc8e226", "yes_price": 37, "yes_price_dollars": "0.3700"}
{"count": 18, "count_fp": "18.00", "created_time": "2026-03-04T14:56:37.180661Z", "no_price": 87, "no_price_dollars": "0.8700", "price": 0.13, "taker_side": "yes", "ticker": "KXINX-26MAR04H1600-B6887", "trade_id": "87d2adf1-c28b-6f87-4f79-7fdb7ba9671b", "yes_price": 13, "yes_price_dollars": "0.1300"}
{"count": 60, "count_fp": "60.00", "created_time": "2026-03-04T14:56:37.180661Z", "no_price": 88, "no_price_dollars": "0.8800", "price": 0.12, "taker_side": "yes", "ticker": "KXINX-26MAR04H1600-B6887", "trade_id": "616a8254-0c41-6c54-7452-5d744357f2c7", "yes_price": 12, "yes_price_dollars": "0.1200"}
{"count": 12, "count_fp": "12.00", "created_time": "2026-03-04T14:56:37.180661Z", "no_price": 69, "no_price_dollars": "0.6900", "price": 0.31, "taker_side": "yes", "ticker": "KXINX-26MAR04H1600-B6887", "trade_id": "11ebaadc-7968-60e0-6ac0-00c28f6cb19f", "yes_price": 31, "yes_price_dollars": "0.3100"}
{"count": 7, "count_fp": "7.00", "created_time": "2026-03-04T14:55:52.951217Z", "no_price": 87, "no_price_dollars": "0.8700", "price": 0.13, "taker_side": "yes", "ticker": "KXINX-26MAR04H1600-B6887", "trade_id": "8d837897-822f-767f-1eb0-d9373721dca7", "yes_price": 13, "yes_price_dollars": "0.1300"}
{"count": 1, "count_fp": "1.00", "created_time": "2026-03-04T14:54:03.94293Z", "no_price": 88, "no_price_dollars": "0.8800", "price": 0.12, "taker_side": "no", "ticker": "KXINX-26MAR04H1600-B6887", "trade_id": "e0d2f181-42c0-694e-5ae0-25669f4d8f9b", "yes_price": 12, "yes_price_dollars": "0.1200"}
{"count": 1, "count_fp": "1.00", "created_time": "2026-03-04T13:10:19.5063Z", "no_price": 84, "no_price_dollars": "0.8400", "price": 0.16, "taker_side": "yes", "ticker": "KXINX-26MAR04H1600-B6887", "trade_id": "7d18a91c-c8df-6fc6-368a-9af0d9bcba25", "yes_price": 16, "yes_price_dollars": "0.1600"}
{"count": 491, "count_fp": "491.00", "created_time": "2026-03-04T20:59:51.870037Z", "no_price": 1, "no_price_dollars": "0.0100", "price": 0.99, "taker_side": "yes", "ticker": "KXINX-26MAR04H1600-B6862", "trade_id": "e57a8a18-590a-78b5-bcb1-e28bf77508c6", "yes_price": 99, "yes_price_dollars": "0.9900"}
{"count": 1, "count_fp": "1.00", "created_time": "2026-03-04T20:59:51.154477Z", "no_price": 1, "no_price_dollars": "0.0100", "price": 0.99, "taker_side": "yes", "ticker": "KXINX-26MAR04H1600-B6862", "trade_id": "96d5c78a-b3a6-5b8d-9621-8192553ae99a", "yes_price": 99, "yes_price_dollars": "0.9900"}
{"count": 8, "count_fp": "8.00", "created_time": "2026-03-04T20:59:47.761336Z", "no_price": 1, "no_price_dollars": "0.0100", "price": 0.99, "taker_side": "yes", "ticker": "KXINX-26MAR04H1600-B6862", "trade_id": "607a92c3-157a-4dc5-af04-b86cb8d7c1ee", "yes_price": 99, "yes_price_dollars": "0.9900"}
{"count": 5, "count_fp": "5.00", "created_time": "2026-03-04T20:59:14.639832Z", "no_price": 12, "no_price_dollars": "0.1200", "price": 0.88, "taker_side": "yes", "ticker": "KXINX-26MAR04H1600-B6862", "trade_id": "170a81b7-8bf3-51c2-6231-11341f5bd1e5", "yes_price": 88, "yes_price_dollars": "0.8800"}
{"count": 49, "count_fp": "49.00", "created_time": "2026-03-04T20:58:24.973985Z", "no_price": 12, "no_price_dollars": "0.1200", "price": 0.88, "taker_side": "yes", "ticker": "KXINX-26MAR04H1600-B6862", "trade_id": "f0290a33-c4d6-73c4-07b2-7aae5a0bfaff", "yes_price": 88, "yes_price_dollars": "0.8800"}
{"count": 10, "count_fp": "10.00", "created_time": "2026-03-04T20:58:21.926869Z", "no_price": 13, "no_price_dollars": "0.1300", "price": 0.87, "taker_side": "yes", "ticker": "KXINX-26MAR04H1600-B6862", "trade_id": "5bae2b91-3879-6236-5f01-0ed057bd67db", "yes_price": 87, "yes_price_dollars": "0.8700"}
{"count": 5, "count_fp": "5.00", "created_time": "2026-03-04T20:58:03.464276Z", "no_price": 28, "no_price_dollars": "0.2800", "price": 0.72, "taker_side": "yes", "ticker": "KXINX-26MAR04H1600-B6862", "trade_id": "113c3c7e-33dc-5eea-1b4e-9100b04dd0f4", "yes_price": 72, "yes_price_dollars": "0.7200"}
{"count": 5, "count_fp": "5.00", "created_time": "2026-03-04T20:56:58.44012Z", "no_price": 47, "no_price_dollars": "0.4700", "price": 0.53, "taker_side": "yes", "ticker": "KXINX-26MAR04H1600-B6862", "trade_id": "63ab0a6f-6e33-5d67-fdb0-407961e05b16", "yes_price": 53, "yes_price_dollars": "0.5300"}
{"count": 5, "count_fp": "5.00", "created_time": "2026-03-04T20:56:25.388812Z", "no_price": 48, "no_price_dollars": "0.4800", "price": 0.52, "taker_side": "no", "ticker": "KXINX-26MAR04H1600-B6862", "trade_id": "8ecd38a8-a4f7-7eec-97cf-c9bd29ef26b8", "yes_price": 52, "yes_price_dollars": "0.5200"}
{"count": 1, "count_fp": "1.00", "created_time": "2026-03-04T20:56:25.388812Z", "no_price": 47, "no_price_dollars": "0.4700", "price": 0.53, "taker_side": "no", "ticker": "KXINX-26MAR04H1600-B6862", "trade_id": "431da9bc-3194-794a-bd74-3a5db2481ab6", "yes_price": 53, "yes_price_dollars": "0.5300"}
{"count": 5, "count_fp": "5.00", "created_time": "2026-03-04T20:56:04.119883Z", "no_price": 47, "no_price_dollars": "0.4700", "price": 0.53, "taker_side": "yes", "ticker": "KXINX-26MAR04H1600-B6862", "trade_id": "6662931a-33f6-7a86-143e-7d0b42d1c2a9", "yes_price": 53, "yes_price_dollars": "0.5300"}
{"count": 5, "count_fp": "5.00", "created_time": "2026-03-04T20:55:00.137952Z", "no_price": 47, "no_price_dollars": "0.4700", "price": 0.53, "taker_side": "yes", "ticker": "KXINX-26MAR04H1600-B6862", "trade_id": "0062ade9-d805-69fe-79b0-ae5b306cd066", "yes_price": 53, "yes_price_dollars": "0.5300"}
{"count": 5, "count_fp": "5.00", "created_time": "2026-03-04T20:54:52.406822Z", "no_price": 48, "no_price_dollars": "0.4800", "price": 0.52, "taker_side": "no", "ticker": "KXINX-26MAR04H1600-B6862", "trade_id": "4665a7d0-c168-483b-6dca-3fad6cdeea63", "yes_price": 52, "yes_price_dollars": "0.5200"}
{"count": 2, "count_fp": "2.00", "created_time": "2026-03-04T20:54:50.164457Z", "no_price": 47, "no_price_dollars": "0.4700", "price": 0.53, "taker_side": "no", "ticker": "KXINX-26MAR04H1600-B6862", "trade_id": "cac0f2aa-6b94-5e52-665d-5c23c93464ce", "yes_price": 53, "yes_price_dollars": "0.5300"}
{"count": 5, "count_fp": "5.00", "created_time": "2026-03-04T20:54:29.027255Z", "no_price": 47, "no_price_dollars": "0.4700", "price": 0.53, "taker_side": "yes", "ticker": "KXINX-26MAR04H1600-B6862", "trade_id": "0d2d95a8-86b1-7dd3-1f58-8197c75ff081", "yes_price": 53, "yes_price_dollars": "0.5300"}
{"count": 5, "count_fp": "5.00", "created_time": "2026-03-04T20:53:23.997332Z", "no_price": 47, "no_price_dollars": "0.4700", "price": 0.53, "taker_side": "yes", "ticker": "KXINX-26MAR04H1600-B6862", "trade_id": "0bad0c5e-8501-60fe-4b59-5a95fbb58a98", "yes_price": 53, "yes_price_dollars": "0.5300"}
{"count": 1, "count_fp": "1.00", "created_time": "2026-03-04T20:52:23.805651Z", "no_price": 12, "no_price_dollars": "0.1200", "price": 0.88, "taker_side": "yes", "ticker": "KXINX-26MAR04H1600-B6862", "trade_id": "89a93023-e1c6-588c-ff75-d7843d7a67a7", "yes_price": 88, "yes_price_dollars": "0.8800"}
{"count": 5, "count_fp": "5.00", "created_time": "2026-03-04T20:52:18.931318Z", "no_price": 47, "no_price_dollars": "0.4700", "price": 0.53, "taker_side": "yes", "ticker": "KXINX-26MAR04H1600-B6862", "trade_id": "5d261bde-50f1-6dae-ac59-6b7a25a3ea24", "yes_price": 53, "yes_price_dollars": "0.5300"}
{"count": 5, "count_fp": "5.00", "created_time": "2026-03-04T20:51:48.864296Z", "no_price": 47, "no_price_dollars": "0.4700", "price": 0.53, "taker_side": "yes", "ticker": "KXINX-26MAR04H1600-B6862", "trade_id": "39279743-42c4-75bd-7137-5e24e05a149b", "yes_price": 53, "yes_price_dollars": "0.5300"}
{"count": 5, "count_fp": "5.00", "created_time": "2026-03-04T20:50:40.486555Z", "no_price": 39, "no_price_dollars": "0.3900", "price": 0.61, "taker_side": "yes", "ticker": "KXINX-26MAR04H1600-B6862", "trade_id": "c9972ebf-fcf2-62bb-7799-233f2885b44c", "yes_price": 61, "yes_price_dollars": "0.6100"}
{"count": 3, "count_fp": "3.00", "created_time": "2026-03-04T20:50:19.24332Z", "no_price": 19, "no_price_dollars": "0.1900", "price": 0.81, "taker_side": "yes", "ticker": "KXINX-26MAR04H1600-B6862", "trade_id": "cc9783bf-9a82-567e-e75f-e80f767b5713", "yes_price": 81, "yes_price_dollars": "0.8100"}
{"count": 12, "count_fp": "12.00", "created_time": "2026-03-04T20:50:19.24332Z", "no_price": 19, "no_price_dollars": "0.1900", "price": 0.81, "taker_side": "yes", "ticker": "KXINX-26MAR04H1600-B6862", "trade_id": "4e925968-c68e-5457-cdff-7c924a2579dd", "yes_price": 81, "yes_price_dollars": "0.8100"}
{"count": 3, "count_fp": "3.00", "created_time": "2026-03-04T20:50:02.217518Z", "no_price": 53, "no_price_dollars": "0.5300", "price": 0.47, "taker_side": "yes", "ticker": "KXINX-26MAR04H1600-B6862", "trade_id": "379aab1f-6dd7-4fde-ef41-cc481a36cb3d", "yes_price": 47, "yes_price_dollars": "0.4700"}
{"count": 1, "count_fp": "1.00", "created_time": "2026-03-04T20:50:01.712211Z", "no_price": 54, "no_price_dollars": "0.5400", "price": 0.46, "taker_side": "yes", "ticker": "KXINX-26MAR04H1600-B6862", "trade_id": "73e1859e-24f7-48b5-1026-02a5b17b4185", "yes_price": 46, "yes_price_dollars": "0.4600"}
{"count": 5, "count_fp": "5.00", "created_time": "2026-03-04T20:50:00.226517Z", "no_price": 68, "no_price_dollars": "0.6800", "price": 0.32, "taker_side": "yes", "ticker": "KXINX-26MAR04H1600-B6862", "trade_id": "46f7ccfb-7616-6164-a023-df109fb38b29", "yes_price": 32, "yes_price_dollars": "0.3200"}
{"count": 5, "count_fp": "5.00", "created_time": "2026-03-04T20:49:13.250961Z", "no_price": 69, "no_price_dollars": "0.6900", "price": 0.31, "taker_side": "yes", "ticker": "KXINX-26MAR04H1600-B6862", "trade_id": "5feb99bb-ee5a-6989-bb23-f6d1a22da388", "yes_price": 31, "yes_price_dollars": "0.3100"}
{"count": 2, "count_fp": "2.00", "created_time": "2026-03-04T20:49:13.250961Z", "no_price": 53, "no_price_dollars": "0.5300", "price": 0.47, "taker_side": "yes", "ticker": "KXINX-26MAR04H1600-B6862", "trade_id": "3ae74e80-722b-6efe-b40e-f79fefff8ac5", "yes_price": 47, "yes_price_dollars": "0.4700"}
{"count": 2, "count_fp": "2.00", "created_time": "2026-03-04T20:49:13.250961Z", "no_price": 54, "no_price_dollars": "0.5400", "price": 0.46, "taker_side": "yes", "ticker": "KXINX-26MAR04H1600-B6862", "trade_id": "1600d4ff-1495-67b5-a6b8-ed94b43bca81", "yes_price": 46, "yes_price_dollars": "0.4600"}
{"count": 3, "count_fp": "3.00", "created_time": "2026-03-04T20:49:13.250961Z", "no_price": 70, "no_price_dollars": "0.7000", "price": 0.3, "taker_side": "yes", "ticker": "KXINX-26MAR04H1600-B6862", "trade_id": "1069105d-5150-6671-82de-c5fb5f015b23", "yes_price": 30, "yes_price_dollars": "0.3000"}
{"count": 5, "count_fp": "5.00", "created_time": "2026-03-04T20:48:43.914316Z", "no_price": 70, "no_price_dollars": "0.7000", "price": 0.3, "taker_side": "no", "ticker": "KXINX-26MAR04H1600-B6862", "trade_id": "539b3a22-308c-6426-4b0b-5a34986e687e", "yes_price": 30, "yes_price_dollars": "0.3000"}
{"count": 5, "count_fp": "5.00", "created_time": "2026-03-04T20:47:25.55793Z", "no_price": 70, "no_price_dollars": "0.7000", "price": 0.3, "taker_side": "no", "ticker": "KXINX-26MAR04H1600-B6862", "trade_id": "e1ea0555-bb23-6c77-bc7f-45281d450558", "yes_price": 30, "yes_price_dollars": "0.3000"}
{"count": 5, "count_fp": "5.00", "created_time": "2026-03-04T20:46:15.807886Z", "no_price": 70, "no_price_dollars": "0.7000", "price": 0.3, "taker_side": "no", "ticker": "KXINX-26MAR04H1600-B6862", "trade_id": "e5cb7c91-d009-7aa7-6cfc-b776fc83efd9", "yes_price": 30, "yes_price_dollars": "0.3000"}
{"count": 5, "count_fp": "5.00", "created_time": "2026-03-04T20:45:06.464077Z", "no_price": 69, "no_price_dollars": "0.6900", "price": 0.31, "taker_side": "no", "ticker": "KXINX-26MAR04H1600-B6862", "trade_id": "1e2ae092-a639-49aa-c357-09f33a6f2fc7", "yes_price": 31, "yes_price_dollars": "0.3100"}
{"count": 5, "count_fp": "5.00", "created_time": "2026-03-04T20:43:56.226635Z", "no_price": 53, "no_price_dollars": "0.5300", "price": 0.47, "taker_side": "no", "ticker": "KXINX-26MAR04H1600-B6862", "trade_id": "21b426a0-d7f5-7492-2cdf-a32f57c810e9", "yes_price": 47, "yes_price_dollars": "0.4700"}
{"count": 2, "count_fp": "2.00", "created_time": "2026-03-04T20:42:51.216592Z", "no_price": 53, "no_price_dollars": "0.5300", "price": 0.47, "taker_side": "no", "ticker": "KXINX-26MAR04H1600-B6862", "trade_id": "29ad7522-aacc-5b75-c95c-8c5ed99904ef", "yes_price": 47, "yes_price_dollars": "0.4700"}
{"count": 3, "count_fp": "3.00", "created_time": "2026-03-04T20:42:51.208833Z", "no_price": 53, "no_price_dollars": "0.5300", "price": 0.47, "taker_side": "no", "ticker": "KXINX-26MAR04H1600-B6862", "trade_id": "d99823db-e7c4-4355-8d82-4269e6bced4b", "yes_price": 47, "yes_price_dollars": "0.4700"}
{"count": 7, "count_fp": "7.00", "created_time": "2026-03-04T20:42:37.34603Z", "no_price": 70, "no_price_dollars": "0.7000", "price": 0.3, "taker_side": "no", "ticker": "KXINX-26MAR04H1600-B6862", "trade_id": "9d35743c-fddf-5bcd-a43c-7ff373251d39", "yes_price": 30, "yes_price_dollars": "0.3000"}
{"count": 3, "count_fp": "3.00", "created_time": "2026-03-04T20:42:37.34603Z", "no_price": 70, "no_price_dollars": "0.7000", "price": 0.3, "taker_side": "no", "ticker": "KXINX-26MAR04H1600-B6862", "trade_id": "2b49414b-f16d-54de-a248-3727b847c9a9", "yes_price": 30, "yes_price_dollars": "0.3000"}
{"count": 5, "count_fp": "5.00", "created_time": "2026-03-04T20:41:46.099167Z", "no_price": 45, "no_price_dollars": "0.4500", "price": 0.55, "taker_side": "no", "ticker": "KXINX-26MAR04H1600-B6862", "trade_id": "9d279747-3a87-7898-c25d-95058e9f9aba", "yes_price": 55, "yes_price_dollars": "0.5500"}
{"count": 2, "count_fp": "2.00", "created_time": "2026-03-04T20:41:43.727693Z", "no_price": 70, "no_price_dollars": "0.7000", "price": 0.3, "taker_side": "no", "ticker": "KXINX-26MAR04H1600-B6862", "trade_id": "b8a60b48-8793-5a51-5d10-6123326da8e5", "yes_price": 30, "yes_price_dollars": "0.3000"}
{"count": 5, "count_fp": "5.00", "created_time": "2026-03-04T20:40:14.808444Z", "no_price": 45, "no_price_dollars": "0.4500", "price": 0.55, "taker_side": "no", "ticker": "KXINX-26MAR04H1600-B6862", "trade_id": "36b75747-7936-4fb0-6d58-9744ba9fecf6", "yes_price": 55, "yes_price_dollars": "0.5500"}
{"count": 5, "count_fp": "5.00", "created_time": "2026-03-04T20:36:29.807206Z", "no_price": 45, "no_price_dollars": "0.4500", "price": 0.55, "taker_side": "no", "ticker": "KXINX-26MAR04H1600-B6862", "trade_id": "7bfde6e6-e3d9-7550-98e8-a3b0b4f47301", "yes_price": 55, "yes_price_dollars": "0.5500"}
{"count": 5, "count_fp": "5.00", "created_time": "2026-03-04T20:36:29.775244Z", "no_price": 45, "no_price_dollars": "0.4500", "price": 0.55, "taker_side": "yes", "ticker": "KXINX-26MAR04H1600-B6862", "trade_id": "6bedf727-830c-766a-6d16-1bd0f780f8d9", "yes_price": 55, "yes_price_dollars": "0.5500"}
{"count": 5, "count_fp": "5.00", "created_time": "2026-03-04T20:34:41.34633Z", "no_price": 58, "no_price_dollars": "0.5800", "price": 0.42, "taker_side": "no", "ticker": "KXINX-26MAR04H1600-B6862", "trade_id": "a82ea40f-f121-4580-ff03-8eb8e505501a", "yes_price": 42, "yes_price_dollars": "0.4200"}
{"count": 5, "count_fp": "5.00", "created_time": "2026-03-04T20:32:27.554536Z", "no_price": 57, "no_price_dollars": "0.5700", "price": 0.43, "taker_side": "yes", "ticker": "KXINX-26MAR04H1600-B6862", "trade_id": "e2c67bc4-f354-4627-6e30-f75f0d2570d2", "yes_price": 43, "yes_price_dollars": "0.4300"}
{"count": 5, "count_fp": "5.00", "created_time": "2026-03-04T20:31:42.789213Z", "no_price": 57, "no_price_dollars": "0.5700", "price": 0.43, "taker_side": "yes", "ticker": "KXINX-26MAR04H1600-B6862", "trade_id": "f8981e08-a710-50eb-c0b1-dea6761b89be", "yes_price": 43, "yes_price_dollars": "0.4300"}
{"count": 5, "count_fp": "5.00", "created_time": "2026-03-04T20:30:11.848942Z", "no_price": 45, "no_price_dollars": "0.4500", "price": 0.55, "taker_side": "no", "ticker": "KXINX-26MAR04H1600-B6862", "trade_id": "62752d41-940e-6431-0851-85d483436288", "yes_price": 55, "yes_price_dollars": "0.5500"}
{"count": 5, "count_fp": "5.00", "created_time": "2026-03-04T20:29:06.79936Z", "no_price": 46, "no_price_dollars": "0.4600", "price": 0.54, "taker_side": "no", "ticker": "KXINX-26MAR04H1600-B6862", "trade_id": "eba55932-9cdc-5957-a2c8-39f8b6c98a7b", "yes_price": 54, "yes_price_dollars": "0.5400"}
{"count": 1, "count_fp": "1.00", "created_time": "2026-03-04T20:27:37.265797Z", "no_price": 46, "no_price_dollars": "0.4600", "price": 0.54, "taker_side": "no", "ticker": "KXINX-26MAR04H1600-B6862", "trade_id": "dd902aac-6e58-513e-c08e-f0131bc4b2d8", "yes_price": 54, "yes_price_dollars": "0.5400"}
{"count": 4, "count_fp": "4.00", "created_time": "2026-03-04T20:27:37.25913Z", "no_price": 46, "no_price_dollars": "0.4600", "price": 0.54, "taker_side": "no", "ticker": "KXINX-26MAR04H1600-B6862", "trade_id": "00227e43-e40c-4d96-cf2d-7202d2594440", "yes_price": 54, "yes_price_dollars": "0.5400"}
{"count": 3, "count_fp": "3.00", "created_time": "2026-03-04T20:26:41.684604Z", "no_price": 46, "no_price_dollars": "0.4600", "price": 0.54, "taker_side": "no", "ticker": "KXINX-26MAR04H1600-B6862", "trade_id": "acdac065-c560-59e0-1a1c-f97bc01960c3", "yes_price": 54, "yes_price_dollars": "0.5400"}
{"count": 2, "count_fp": "2.00", "created_time": "2026-03-04T20:26:32.166758Z", "no_price": 46, "no_price_dollars": "0.4600", "price": 0.54, "taker_side": "no", "ticker": "KXINX-26MAR04H1600-B6862", "trade_id": "30c98582-ac74-7f00-0f87-788fca081e0b", "yes_price": 54, "yes_price_dollars": "0.5400"}
{"count": 5, "count_fp": "5.00", "created_time": "2026-03-04T20:26:01.274776Z", "no_price": 56, "no_price_dollars": "0.5600", "price": 0.44, "taker_side": "yes", "ticker": "KXINX-26MAR04H1600-B6862", "trade_id": "1dd2adfb-aff5-4fd5-f7bd-5ad16914981d", "yes_price": 44, "yes_price_dollars": "0.4400"}
{"count": 5, "count_fp": "5.00", "created_time": "2026-03-04T20:24:21.860111Z", "no_price": 54, "no_price_dollars": "0.5400", "price": 0.46, "taker_side": "yes", "ticker": "KXINX-26MAR04H1600-B6862", "trade_id": "9faea6a0-f375-5b8f-8054-ea4c8fbea22f", "yes_price": 46, "yes_price_dollars": "0.4600"}
{"count": 7, "count_fp": "7.00", "created_time": "2026-03-04T20:21:52.146001Z", "no_price": 47, "no_price_dollars": "0.4700", "price": 0.53, "taker_side": "yes", "ticker": "KXINX-26MAR04H1600-B6862", "trade_id": "67098c84-25f6-61b2-533c-989b8985f88b", "yes_price": 53, "yes_price_dollars": "0.5300"}
{"count": 5, "count_fp": "5.00", "created_time": "2026-03-04T20:21:38.203713Z", "no_price": 65, "no_price_dollars": "0.6500", "price": 0.35, "taker_side": "yes", "ticker": "KXINX-26MAR04H1600-B6862", "trade_id": "65773f1d-09a4-6ab6-3461-dccf7604eeeb", "yes_price": 35, "yes_price_dollars": "0.3500"}
{"count": 5, "count_fp": "5.00", "created_time": "2026-03-04T20:20:46.300353Z", "no_price": 47, "no_price_dollars": "0.4700", "price": 0.53, "taker_side": "yes", "ticker": "KXINX-26MAR04H1600-B6862", "trade_id": "8ea3a3d7-1d92-504e-b827-4915e7de02d3", "yes_price": 53, "yes_price_dollars": "0.5300"}
{"count": 12, "count_fp": "12.00", "created_time": "2026-03-04T20:20:36.533112Z", "no_price": 55, "no_price_dollars": "0.5500", "price": 0.45, "taker_side": "yes", "ticker": "KXINX-26MAR04H1600-B6862", "trade_id": "da924782-595b-4042-8480-69f3c654f0f3", "yes_price": 45, "yes_price_dollars": "0.4500"}
{"count": 5, "count_fp": "5.00", "created_time": "2026-03-04T20:20:33.01833Z", "no_price": 69, "no_price_dollars": "0.6900", "price": 0.31, "taker_side": "yes", "ticker": "KXINX-26MAR04H1600-B6862", "trade_id": "d55561be-9a20-52db-a6bf-7e68c443da82", "yes_price": 31, "yes_price_dollars": "0.3100"}
{"count": 1, "count_fp": "1.00", "created_time": "2026-03-04T20:20:26.143Z", "no_price": 60, "no_price_dollars": "0.6000", "price": 0.4, "taker_side": "yes", "ticker": "KXINX-26MAR04H1600-B6862", "trade_id": "fa75546a-79ce-6504-c846-65d6c079cecf", "yes_price": 40, "yes_price_dollars": "0.4000"}
{"count": 121, "count_fp": "121.00", "created_time": "2026-03-04T20:20:01.332642Z", "no_price": 57, "no_price_dollars": "0.5700", "price": 0.43, "taker_side": "yes", "ticker": "KXINX-26MAR04H1600-B6862", "trade_id": "a3ac9c1c-ead4-40ef-ed87-70a171a3ded9", "yes_price": 43, "yes_price_dollars": "0.4300"}
{"count": 2, "count_fp": "2.00", "created_time": "2026-03-04T20:19:20.816433Z", "no_price": 58, "no_price_dollars": "0.5800", "price": 0.42, "taker_side": "yes", "ticker": "KXINX-26MAR04H1600-B6862", "trade_id": "f4765654-4fb3-7980-b88e-a7096a3cd946", "yes_price": 42, "yes_price_dollars": "0.4200"}
{"count": 5, "count_fp": "5.00", "created_time": "2026-03-04T20:19:03.060552Z", "no_price": 71, "no_price_dollars": "0.7100", "price": 0.29, "taker_side": "yes", "ticker": "KXINX-26MAR04H1600-B6862", "trade_id": "2bfc7dd7-3a79-4f2a-ed48-c12d13e3634d", "yes_price": 29, "yes_price_dollars": "0.2900"}
{"count": 5, "count_fp": "5.00", "created_time": "2026-03-04T20:17:54.820191Z", "no_price": 71, "no_price_dollars": "0.7100", "price": 0.29, "taker_side": "yes", "ticker": "KXINX-26MAR04H1600-B6862", "trade_id": "35176eaf-cc28-44c1-5ce0-4e7dd7667e74", "yes_price": 29, "yes_price_dollars": "0.2900"}
{"count": 1, "count_fp": "1.00", "created_time": "2026-03-04T20:15:27.615465Z", "no_price": 85, "no_price_dollars": "0.8500", "price": 0.15, "taker_side": "no", "ticker": "KXINX-26MAR04H1600-B6862", "trade_id": "4a588a2d-32e4-7fce-7eb9-3b9cce2c5455", "yes_price": 15, "yes_price_dollars": "0.1500"}
{"count": 4, "count_fp": "4.00", "created_time": "2026-03-04T20:13:28.57262Z", "no_price": 58, "no_price_dollars": "0.5800", "price": 0.42, "taker_side": "yes", "ticker": "KXINX-26MAR04H1600-B6862", "trade_id": "af4b3597-0767-7b40-20e3-abd0cd4455b6", "yes_price": 42, "yes_price_dollars": "0.4200"}
{"count": 5, "count_fp": "5.00", "created_time": "2026-03-04T20:08:50.245242Z", "no_price": 66, "no_price_dollars": "0.6600", "price": 0.34, "taker_side": "yes", "ticker": "KXINX-26MAR04H1600-B6862", "trade_id": "9da354ad-652d-4e1c-1be2-50af25c5e4f9", "yes_price": 34, "yes_price_dollars": "0.3400"}
{"count": 2, "count_fp": "2.00", "created_time": "2026-03-04T20:08:50.245242Z", "no_price": 58, "no_price_dollars": "0.5800", "price": 0.42, "taker_side": "yes", "ticker": "KXINX-26MAR04H1600-B6862", "trade_id": "5affe8a4-3ba7-4600-0fe6-5aafd1e5c1be", "yes_price": 42, "yes_price_dollars": "0.4200"}
{"count": 6, "count_fp": "6.00", "created_time": "2026-03-04T20:08:50.245242Z", "no_price": 61, "no_price_dollars": "0.6100", "price": 0.39, "taker_side": "yes", "ticker": "KXINX-26MAR04H1600-B6862", "trade_id": "5400e22b-2d26-411a-2064-bbd92c024a2f", "yes_price": 39, "yes_price_dollars": "0.3900"}
{"count": 95, "count_fp": "95.00", "created_time": "2026-03-04T20:01:21.297677Z", "no_price": 80, "no_price_dollars": "0.8000", "price": 0.2, "taker_side": "no", "ticker": "KXINX-26MAR04H1600-B6862", "trade_id": "372eebd5-f0f2-7ff9-3eb8-a5a1a9cc0bb0", "yes_price": 20, "yes_price_dollars": "0.2000"}
{"count": 1, "count_fp": "1.00", "created_time": "2026-03-04T19:58:47.052139Z", "no_price": 80, "no_price_dollars": "0.8000", "price": 0.2, "taker_side": "no", "ticker": "KXINX-26MAR04H1600-B6862", "trade_id": "aa37c77a-d51a-7775-3651-2ff53e13bab0", "yes_price": 20, "yes_price_dollars": "0.2000"}
{"count": 4, "count_fp": "4.00", "created_time": "2026-03-04T19:58:42.599794Z", "no_price": 80, "no_price_dollars": "0.8000", "price": 0.2, "taker_side": "no", "ticker": "KXINX-26MAR04H1600-B6862", "trade_id": "1b8acfb2-f3e6-51e9-4b16-8a7c2d767d8c", "yes_price": 20, "yes_price_dollars": "0.2000"}
{"count": 8, "count_fp": "8.00", "created_time": "2026-03-04T19:55:00.740586Z", "no_price": 67, "no_price_dollars": "0.6700", "price": 0.33, "taker_side": "yes", "ticker": "KXINX-26MAR04H1600-B6862", "trade_id": "6442537e-02e9-4a68-a023-ca7d8dd714d4", "yes_price": 33, "yes_price_dollars": "0.3300"}
{"count": 1, "count_fp": "1.00", "created_time": "2026-03-04T19:47:24.070212Z", "no_price": 76, "no_price_dollars": "0.7600", "price": 0.24, "taker_side": "yes", "ticker": "KXINX-26MAR04H1600-B6862", "trade_id": "5c81e90b-d4f8-4abe-ee5c-4295abecd355", "yes_price": 24, "yes_price_dollars": "0.2400"}
{"count": 32, "count_fp": "32.00", "created_time": "2026-03-04T19:47:24.070212Z", "no_price": 75, "no_price_dollars": "0.7500", "price": 0.25, "taker_side": "yes", "ticker": "KXINX-26MAR04H1600-B6862", "trade_id": "1c90a8fe-0e55-44ce-fbd4-fc5babb3eefd", "yes_price": 25, "yes_price_dollars": "0.2500"}
{"count": 2, "count_fp": "2.00", "created_time": "2026-03-04T19:39:38.215981Z", "no_price": 78, "no_price_dollars": "0.7800", "price": 0.22, "taker_side": "no", "ticker": "KXINX-26MAR04H1600-B6862", "trade_id": "c0fe72a7-9459-593f-516b-0b18ba0d2bf7", "yes_price": 22, "yes_price_dollars": "0.2200"}
{"count": 34, "count_fp": "34.00", "created_time": "2026-03-04T19:39:38.215981Z", "no_price": 78, "no_price_dollars": "0.7800", "price": 0.22, "taker_side": "no", "ticker": "KXINX-26MAR04H1600-B6862", "trade_id": "1f4c8d73-244d-5adf-5762-0af5db01128a", "yes_price": 22, "yes_price_dollars": "0.2200"}
{"count": 30, "count_fp": "30.00", "created_time": "2026-03-04T19:34:19.880473Z", "no_price": 78, "no_price_dollars": "0.7800", "price": 0.22, "taker_side": "no", "ticker": "KXINX-26MAR04H1600-B6862", "trade_id": "ff2a31cc-a521-49cf-8970-abb134724de2", "yes_price": 22, "yes_price_dollars": "0.2200"}
{"count": 94, "count_fp": "94.00", "created_time": "2026-03-04T19:01:09.015515Z", "no_price": 66, "no_price_dollars": "0.6600", "price": 0.34, "taker_side": "no", "ticker": "KXINX-26MAR04H1600-B6862", "trade_id": "61a0fa61-22a5-767c-23bf-e837dffd72e0", "yes_price": 34, "yes_price_dollars": "0.3400"}
{"count": 1, "count_fp": "1.00", "created_time": "2026-03-04T19:01:09.015515Z", "no_price": 66, "no_price_dollars": "0.6600", "price": 0.34, "taker_side": "no", "ticker": "KXINX-26MAR04H1600-B6862", "trade_id": "3a10d802-d585-72dc-374e-44930016706d", "yes_price": 34, "yes_price_dollars": "0.3400"}
{"count": 3, "count_fp": "3.00", "created_time": "2026-03-04T19:00:43.136132Z", "no_price": 66, "no_price_dollars": "0.6600", "price": 0.34, "taker_side": "no", "ticker": "KXINX-26MAR04H1600-B6862", "trade_id": "b8564a8c-4809-661c-870d-587b2e7783f4", "yes_price": 34, "yes_price_dollars": "0.3400"}
{"count": 1, "count_fp": "1.00", "created_time": "2026-03-04T19:00:41.915899Z", "no_price": 66, "no_price_dollars": "0.6600", "price": 0.34, "taker_side": "no", "ticker": "KXINX-26MAR04H1600-B6862", "trade_id": "fc4e5990-3f35-65c4-4df6-befe516bb6f0", "yes_price": 34, "yes_price_dollars": "0.3400"}
{"count": 3, "count_fp": "3.00", "created_time": "2026-03-04T19:00:40.692572Z", "no_price": 66, "no_price_dollars": "0.6600", "price": 0.34, "taker_side": "no", "ticker": "KXINX-26MAR04H1600-B6862", "trade_id": "e7e15402-9cdd-5328-055e-8e409d4aec30", "yes_price": 34, "yes_price_dollars": "0.3400"}
{"count": 2, "count_fp": "2.00", "created_time": "2026-03-04T19:00:39.469693Z", "no_price": 65, "no_price_dollars": "0.6500", "price": 0.35, "taker_side": "no", "ticker": "KXINX-26MAR04H1600-B6862", "trade_id": "0bef05d2-5dcb-7093-46e5-3130819341bf", "yes_price": 35, "yes_price_dollars": "0.3500"}
{"count": 2, "count_fp": "2.00", "created_time": "2026-03-04T19:00:38.247836Z", "no_price": 66, "no_price_dollars": "0.6600", "price": 0.34, "taker_side": "no", "ticker": "KXINX-26MAR04H1600-B6862", "trade_id": "ca673c0b-e659-613c-b0ef-e5446f3ed5f4", "yes_price": 34, "yes_price_dollars": "0.3400"}
{"count": 2, "count_fp": "2.00", "created_time": "2026-03-04T19:00:38.193494Z", "no_price": 68, "no_price_dollars": "0.6800", "price": 0.32, "taker_side": "yes", "ticker": "KXINX-26MAR04H1600-B6862", "trade_id": "8590a01c-e6c6-68ab-cb08-3da4821ba205", "yes_price": 32, "yes_price_dollars": "0.3200"}
{"count": 3, "count_fp": "3.00", "created_time": "2026-03-04T19:00:38.193494Z", "no_price": 68, "no_price_dollars": "0.6800", "price": 0.32, "taker_side": "yes", "ticker": "KXINX-26MAR04H1600-B6862", "trade_id": "79613af8-b70d-601d-e09e-27593273f030", "yes_price": 32, "yes_price_dollars": "0.3200"}
{"count": 1, "count_fp": "1.00", "created_time": "2026-03-04T18:42:19.59945Z", "no_price": 67, "no_price_dollars": "0.6700", "price": 0.33, "taker_side": "yes", "ticker": "KXINX-26MAR04H1600-B6862", "trade_id": "61d7fc7c-e955-6796-237c-0d4f0827aa95", "yes_price": 33, "yes_price_dollars": "0.3300"}
{"count": 19, "count_fp": "19.00", "created_time": "2026-03-04T18:22:37.07648Z", "no_price": 60, "no_price_dollars": "0.6000", "price": 0.4, "taker_side": "yes", "ticker": "KXINX-26MAR04H1600-B6862", "trade_id": "d2a7e6f0-ccf5-7dee-8d01-fbe2c43655e5", "yes_price": 40, "yes_price_dollars": "0.4000"}
{"count": 4, "count_fp": "4.00", "created_time": "2026-03-04T18:22:37.07648Z", "no_price": 64, "no_price_dollars": "0.6400", "price": 0.36, "taker_side": "yes", "ticker": "KXINX-26MAR04H1600-B6862", "trade_id": "b83a5cf2-4d8b-719b-9c60-d7059c6e6dba", "yes_price": 36, "yes_price_dollars": "0.3600"}
{"count": 1, "count_fp": "1.00", "created_time": "2026-03-04T18:22:37.07648Z", "no_price": 63, "no_price_dollars": "0.6300", "price": 0.37, "taker_side": "yes", "ticker": "KXINX-26MAR04H1600-B6862", "trade_id": "667faa2e-a14d-7d6b-8ee4-3b957e1fe74e", "yes_price": 37, "yes_price_dollars": "0.3700"}
{"count": 8, "count_fp": "8.00", "created_time": "2026-03-04T18:11:42.616529Z", "no_price": 68, "no_price_dollars": "0.6800", "price": 0.32, "taker_side": "yes", "ticker": "KXINX-26MAR04H1600-B6862", "trade_id": "2c1bfe7f-afdd-6c7e-6c3d-53298c9ab1c1", "yes_price": 32, "yes_price_dollars": "0.3200"}
{"count": 7, "count_fp": "7.00", "created_time": "2026-03-04T18:11:42.616529Z", "no_price": 69, "no_price_dollars": "0.6900", "price": 0.31, "taker_side": "yes", "ticker": "KXINX-26MAR04H1600-B6862", "trade_id": "28dfe693-2873-61ac-5c2b-dc0c22e1d620", "yes_price": 31, "yes_price_dollars": "0.3100"}
{"count": 7, "count_fp": "7.00", "created_time": "2026-03-04T18:00:53.546772Z", "no_price": 73, "no_price_dollars": "0.7300", "price": 0.27, "taker_side": "no", "ticker": "KXINX-26MAR04H1600-B6862", "trade_id": "5b6f3f00-9f2a-4fba-7be8-18b2a94a98f4", "yes_price": 27, "yes_price_dollars": "0.2700"}
{"count": 11, "count_fp": "11.00", "created_time": "2026-03-04T18:00:50.620414Z", "no_price": 72, "no_price_dollars": "0.7200", "price": 0.28, "taker_side": "no", "ticker": "KXINX-26MAR04H1600-B6862", "trade_id": "2fd21999-2e61-4b03-b128-982effff8edb", "yes_price": 28, "yes_price_dollars": "0.2800"}
{"count": 1, "count_fp": "1.00", "created_time": "2026-03-04T18:00:49.402068Z", "no_price": 72, "no_price_dollars": "0.7200", "price": 0.28, "taker_side": "no", "ticker": "KXINX-26MAR04H1600-B6862", "trade_id": "9d3265e3-f5bd-4feb-21e4-66d30575ff03", "yes_price": 28, "yes_price_dollars": "0.2800"}
{"count": 3, "count_fp": "3.00", "created_time": "2026-03-04T18:00:48.179955Z", "no_price": 72, "no_price_dollars": "0.7200", "price": 0.28, "taker_side": "no", "ticker": "KXINX-26MAR04H1600-B6862", "trade_id": "e535a569-9ae1-659f-2cad-5b77e6fd26b3", "yes_price": 28, "yes_price_dollars": "0.2800"}
{"count": 7, "count_fp": "7.00", "created_time": "2026-03-04T18:00:46.954566Z", "no_price": 71, "no_price_dollars": "0.7100", "price": 0.29, "taker_side": "no", "ticker": "KXINX-26MAR04H1600-B6862", "trade_id": "26b5cc00-411c-52cc-5e03-12e815b00460", "yes_price": 29, "yes_price_dollars": "0.2900"}
{"count": 1, "count_fp": "1.00", "created_time": "2026-03-04T17:42:14.753283Z", "no_price": 63, "no_price_dollars": "0.6300", "price": 0.37, "taker_side": "yes", "ticker": "KXINX-26MAR04H1600-B6862", "trade_id": "4330b570-6a69-60bb-fc71-f30d8aea1e26", "yes_price": 37, "yes_price_dollars": "0.3700"}
{"count": 3, "count_fp": "3.00", "created_time": "2026-03-04T17:31:44.608623Z", "no_price": 66, "no_price_dollars": "0.6600", "price": 0.34, "taker_side": "no", "ticker": "KXINX-26MAR04H1600-B6862", "trade_id": "b98c2332-1575-493f-d496-613ca84401f3", "yes_price": 34, "yes_price_dollars": "0.3400"}
{"count": 1, "count_fp": "1.00", "created_time": "2026-03-04T17:27:13.776317Z", "no_price": 63, "no_price_dollars": "0.6300", "price": 0.37, "taker_side": "yes", "ticker": "KXINX-26MAR04H1600-B6862", "trade_id": "f516cb32-2771-6ef3-8785-3c8818f21ebe", "yes_price": 37, "yes_price_dollars": "0.3700"}
{"count": 1, "count_fp": "1.00", "created_time": "2026-03-04T17:26:38.265412Z", "no_price": 65, "no_price_dollars": "0.6500", "price": 0.35, "taker_side": "yes", "ticker": "KXINX-26MAR04H1600-B6862", "trade_id": "ed4a5fbf-478a-5662-9d72-5feaabcf5211", "yes_price": 35, "yes_price_dollars": "0.3500"}
{"count": 9, "count_fp": "9.00", "created_time": "2026-03-04T17:26:38.265412Z", "no_price": 63, "no_price_dollars": "0.6300", "price": 0.37, "taker_side": "yes", "ticker": "KXINX-26MAR04H1600-B6862", "trade_id": "04aff545-2295-58fb-8a94-43aad5bf02ee", "yes_price": 37, "yes_price_dollars": "0.3700"}
{"count": 10, "count_fp": "10.00", "created_time": "2026-03-04T17:23:30.838154Z", "no_price": 74, "no_price_dollars": "0.7400", "price": 0.26, "taker_side": "no", "ticker": "KXINX-26MAR04H1600-B6862", "trade_id": "d74f887f-5df5-7483-47eb-efd2e0cdb8bf", "yes_price": 26, "yes_price_dollars": "0.2600"}
{"count": 5, "count_fp": "5.00", "created_time": "2026-03-04T17:13:22.472743Z", "no_price": 72, "no_price_dollars": "0.7200", "price": 0.28, "taker_side": "no", "ticker": "KXINX-26MAR04H1600-B6862", "trade_id": "6f393b69-2517-7a7e-c632-9698b29d3d84", "yes_price": 28, "yes_price_dollars": "0.2800"}
{"count": 1, "count_fp": "1.00", "created_time": "2026-03-04T17:07:13.110564Z", "no_price": 70, "no_price_dollars": "0.7000", "price": 0.3, "taker_side": "yes", "ticker": "KXINX-26MAR04H1600-B6862", "trade_id": "00a6fdde-d60a-4999-8c43-bf0097af4c7e", "yes_price": 30, "yes_price_dollars": "0.3000"}
{"count": 5, "count_fp": "5.00", "created_time": "2026-03-04T17:03:30.40181Z", "no_price": 69, "no_price_dollars": "0.6900", "price": 0.31, "taker_side": "no", "ticker": "KXINX-26MAR04H1600-B6862", "trade_id": "689bcb43-d9ad-459b-c982-9bf28e06bc84", "yes_price": 31, "yes_price_dollars": "0.3100"}
{"count": 1, "count_fp": "1.00", "created_time": "2026-03-04T16:57:11.698707Z", "no_price": 69, "no_price_dollars": "0.6900", "price": 0.31, "taker_side": "yes", "ticker": "KXINX-26MAR04H1600-B6862", "trade_id": "d34fe336-d7c2-759e-0ae1-f1a32ae0aaed", "yes_price": 31, "yes_price_dollars": "0.3100"}
{"count": 1, "count_fp": "1.00", "created_time": "2026-03-04T16:52:10.64426Z", "no_price": 71, "no_price_dollars": "0.7100", "price": 0.29, "taker_side": "yes", "ticker": "KXINX-26MAR04H1600-B6862", "trade_id": "490cc58b-b0d1-551d-a67c-2dcebfcda1eb", "yes_price": 29, "yes_price_dollars": "0.2900"}
{"count": 5, "count_fp": "5.00", "created_time": "2026-03-04T16:42:49.202768Z", "no_price": 70, "no_price_dollars": "0.7000", "price": 0.3, "taker_side": "no", "ticker": "KXINX-26MAR04H1600-B6862", "trade_id": "62e3f01d-89fc-56a3-d3f2-4e974bca1c4c", "yes_price": 30, "yes_price_dollars": "0.3000"}
{"count": 5, "count_fp": "5.00", "created_time": "2026-03-04T16:38:05.04315Z", "no_price": 71, "no_price_dollars": "0.7100", "price": 0.29, "taker_side": "yes", "ticker": "KXINX-26MAR04H1600-B6862", "trade_id": "9c1ef339-1c9a-6ce8-8d45-fb16fecaa539", "yes_price": 29, "yes_price_dollars": "0.2900"}
{"count": 1, "count_fp": "1.00", "created_time": "2026-03-04T16:32:09.384849Z", "no_price": 68, "no_price_dollars": "0.6800", "price": 0.32, "taker_side": "yes", "ticker": "KXINX-26MAR04H1600-B6862", "trade_id": "57ea090a-a196-68a2-d528-d0ae31bde9a1", "yes_price": 32, "yes_price_dollars": "0.3200"}
{"count": 50, "count_fp": "50.00", "created_time": "2026-03-04T16:29:10.079134Z", "no_price": 69, "no_price_dollars": "0.6900", "price": 0.31, "taker_side": "yes", "ticker": "KXINX-26MAR04H1600-B6862", "trade_id": "7c0338e1-8fda-7cd2-98d4-de089eb52a85", "yes_price": 31, "yes_price_dollars": "0.3100"}
{"count": 12, "count_fp": "12.00", "created_time": "2026-03-04T16:27:45.815776Z", "no_price": 69, "no_price_dollars": "0.6900", "price": 0.31, "taker_side": "yes", "ticker": "KXINX-26MAR04H1600-B6862", "trade_id": "5eb274a7-bbb4-790c-e774-8f1464a64d25", "yes_price": 31, "yes_price_dollars": "0.3100"}
{"count": 19, "count_fp": "19.00", "created_time": "2026-03-04T16:27:45.815776Z", "no_price": 69, "no_price_dollars": "0.6900", "price": 0.31, "taker_side": "yes", "ticker": "KXINX-26MAR04H1600-B6862", "trade_id": "2f896a6f-2b8b-79de-ea38-76d7aa2b8fcd", "yes_price": 31, "yes_price_dollars": "0.3100"}
{"count": 4, "count_fp": "4.00", "created_time": "2026-03-04T16:05:26.643733Z", "no_price": 76, "no_price_dollars": "0.7600", "price": 0.24, "taker_side": "yes", "ticker": "KXINX-26MAR04H1600-B6862", "trade_id": "926d8d9b-108c-7f58-bb6e-b4043968ee30", "yes_price": 24, "yes_price_dollars": "0.2400"}
{"count": 5, "count_fp": "5.00", "created_time": "2026-03-04T15:53:03.338905Z", "no_price": 72, "no_price_dollars": "0.7200", "price": 0.28, "taker_side": "yes", "ticker": "KXINX-26MAR04H1600-B6862", "trade_id": "b1fe8d67-1e27-6985-d8c2-4feaee6e3ae0", "yes_price": 28, "yes_price_dollars": "0.2800"}
{"count": 7, "count_fp": "7.00", "created_time": "2026-03-04T15:53:03.338905Z", "no_price": 70, "no_price_dollars": "0.7000", "price": 0.3, "taker_side": "yes", "ticker": "KXINX-26MAR04H1600-B6862", "trade_id": "4cfc23cc-528a-628e-ec1d-5e755a4e5b01", "yes_price": 30, "yes_price_dollars": "0.3000"}
{"count": 4, "count_fp": "4.00", "created_time": "2026-03-04T15:53:03.338905Z", "no_price": 71, "no_price_dollars": "0.7100", "price": 0.29, "taker_side": "yes", "ticker": "KXINX-26MAR04H1600-B6862", "trade_id": "47600427-1ff0-66bc-c3eb-66dbac636efd", "yes_price": 29, "yes_price_dollars": "0.2900"}
{"count": 9, "count_fp": "9.00", "created_time": "2026-03-04T15:28:55.123402Z", "no_price": 81, "no_price_dollars": "0.8100", "price": 0.19, "taker_side": "no", "ticker": "KXINX-26MAR04H1600-B6862", "trade_id": "cd0aa641-97fa-7c2c-03ad-31c4cb816a46", "yes_price": 19, "yes_price_dollars": "0.1900"}
{"count": 1, "count_fp": "1.00", "created_time": "2026-03-04T15:27:05.04194Z", "no_price": 81, "no_price_dollars": "0.8100", "price": 0.19, "taker_side": "yes", "ticker": "KXINX-26MAR04H1600-B6862", "trade_id": "332a8efe-7725-5a0b-3994-4877ce37952e", "yes_price": 19, "yes_price_dollars": "0.1900"}
{"count": 1, "count_fp": "1.00", "created_time": "2026-03-04T15:17:04.723645Z", "no_price": 79, "no_price_dollars": "0.7900", "price": 0.21, "taker_side": "yes", "ticker": "KXINX-26MAR04H1600-B6862", "trade_id": "ba3f34e9-0791-7cd7-6e3a-e9814b2c26d2", "yes_price": 21, "yes_price_dollars": "0.2100"}
{"count": 15, "count_fp": "15.00", "created_time": "2026-03-04T15:05:10.003868Z", "no_price": 80, "no_price_dollars": "0.8000", "price": 0.2, "taker_side": "yes", "ticker": "KXINX-26MAR04H1600-B6862", "trade_id": "fe84ab4c-37fc-4dd8-facc-ca9534abd416", "yes_price": 20, "yes_price_dollars": "0.2000"}
{"count": 60, "count_fp": "60.00", "created_time": "2026-03-04T15:05:10.003868Z", "no_price": 81, "no_price_dollars": "0.8100", "price": 0.19, "taker_side": "yes", "ticker": "KXINX-26MAR04H1600-B6862", "trade_id": "9c7d63ff-db1b-4606-d0f3-a813a77c0059", "yes_price": 19, "yes_price_dollars": "0.1900"}
{"count": 61, "count_fp": "61.00", "created_time": "2026-03-04T15:05:10.003868Z", "no_price": 80, "no_price_dollars": "0.8000", "price": 0.2, "taker_side": "yes", "ticker": "KXINX-26MAR04H1600-B6862", "trade_id": "55f7cde8-2bb4-4ad6-d457-52fe7ef95249", "yes_price": 20, "yes_price_dollars": "0.2000"}
{"count": 12, "count_fp": "12.00", "created_time": "2026-03-04T15:05:10.003868Z", "no_price": 79, "no_price_dollars": "0.7900", "price": 0.21, "taker_side": "yes", "ticker": "KXINX-26MAR04H1600-B6862", "trade_id": "1127c1ee-fab5-4e4b-d7d9-5382fc2d3e46", "yes_price": 21, "yes_price_dollars": "0.2100"}
{"count": 963, "count_fp": "963.00", "created_time": "2026-03-04T15:01:38.21029Z", "no_price": 84, "no_price_dollars": "0.8400", "price": 0.16, "taker_side": "no", "ticker": "KXINX-26MAR04H1600-B6862", "trade_id": "f89cb663-e32c-4fb9-8e6c-d8107d2c8f44", "yes_price": 16, "yes_price_dollars": "0.1600"}
{"count": 60, "count_fp": "60.00", "created_time": "2026-03-04T15:01:38.21029Z", "no_price": 83, "no_price_dollars": "0.8300", "price": 0.17, "taker_side": "no", "ticker": "KXINX-26MAR04H1600-B6862", "trade_id": "39c3a7db-6a12-4cff-864e-3c635be46135", "yes_price": 17, "yes_price_dollars": "0.1700"}
{"count": 60, "count_fp": "60.00", "created_time": "2026-03-04T14:37:29.46011Z", "no_price": 81, "no_price_dollars": "0.8100", "price": 0.19, "taker_side": "yes", "ticker": "KXINX-26MAR04H1600-B6862", "trade_id": "f0fb6750-5b79-6453-cd2f-bcf2344cfe79", "yes_price": 19, "yes_price_dollars": "0.1900"}
{"count": 963, "count_fp": "963.00", "created_time": "2026-03-04T14:37:29.46011Z", "no_price": 81, "no_price_dollars": "0.8100", "price": 0.19, "taker_side": "yes", "ticker": "KXINX-26MAR04H1600-B6862", "trade_id": "aae3563e-c2d0-6f06-ea6f-01a0af96131e", "yes_price": 19, "yes_price_dollars": "0.1900"}
{"count": 2, "count_fp": "2.00", "created_time": "2026-03-04T14:26:09.150081Z", "no_price": 78, "no_price_dollars": "0.7800", "price": 0.22, "taker_side": "yes", "ticker": "KXINX-26MAR04H1600-B6862", "trade_id": "3aabcbff-c60c-7a2e-13fb-2d3578a01f0a", "yes_price": 22, "yes_price_dollars": "0.2200"}
{"count": 22, "count_fp": "22.00", "created_time": "2026-03-04T14:26:07.783371Z", "no_price": 78, "no_price_dollars": "0.7800", "price": 0.22, "taker_side": "yes", "ticker": "KXINX-26MAR04H1600-B6862", "trade_id": "68be4ff2-619c-4002-a619-10980ff04346", "yes_price": 22, "yes_price_dollars": "0.2200"}
{"count": 2, "count_fp": "2.00", "created_time": "2026-03-04T14:26:05.779829Z", "no_price": 78, "no_price_dollars": "0.7800", "price": 0.22, "taker_side": "yes", "ticker": "KXINX-26MAR04H1600-B6862", "trade_id": "26214645-c3a4-50d6-cd51-0283e1950fb2", "yes_price": 22, "yes_price_dollars": "0.2200"}
{"count": 1, "count_fp": "1.00", "created_time": "2026-03-04T14:22:03.758461Z", "no_price": 79, "no_price_dollars": "0.7900", "price": 0.21, "taker_side": "yes", "ticker": "KXINX-26MAR04H1600-B6862", "trade_id": "6c111406-1197-7df7-6d1d-9b09afa3a1e8", "yes_price": 21, "yes_price_dollars": "0.2100"}
{"count": 1, "count_fp": "1.00", "created_time": "2026-03-04T13:42:02.002959Z", "no_price": 79, "no_price_dollars": "0.7900", "price": 0.21, "taker_side": "yes", "ticker": "KXINX-26MAR04H1600-B6862", "trade_id": "f3edf50d-23b8-5556-e0c8-ff0f17a8462a", "yes_price": 21, "yes_price_dollars": "0.2100"}
{"count": 398, "count_fp": "398.00", "created_time": "2026-03-04T13:29:19.343186Z", "no_price": 79, "no_price_dollars": "0.7900", "price": 0.21, "taker_side": "yes", "ticker": "KXINX-26MAR04H1600-B6862", "trade_id": "ee80a87c-dbf8-626a-705c-00e83f8d17aa", "yes_price": 21, "yes_price_dollars": "0.2100"}
{"count": 60, "count_fp": "60.00", "created_time": "2026-03-04T13:29:19.343186Z", "no_price": 80, "no_price_dollars": "0.8000", "price": 0.2, "taker_side": "yes", "ticker": "KXINX-26MAR04H1600-B6862", "trade_id": "5856e26a-4865-6e98-6f12-85b5b7ecb629", "yes_price": 20, "yes_price_dollars": "0.2000"}
{"count": 5, "count_fp": "5.00", "created_time": "2026-03-04T20:34:53.934632Z", "no_price": 87, "no_price_dollars": "0.8700", "price": 0.13, "taker_side": "yes", "ticker": "KXINX-26MAR04H1600-B6837", "trade_id": "8c383b0c-32fe-5606-63f1-f0c57ac1f208", "yes_price": 13, "yes_price_dollars": "0.1300"}
{"count": 2, "count_fp": "2.00", "created_time": "2026-03-04T20:26:32.166714Z", "no_price": 98, "no_price_dollars": "0.9800", "price": 0.02, "taker_side": "no", "ticker": "KXINX-26MAR04H1600-B6837", "trade_id": "26a4c689-530d-7594-6813-3dd7f08e6451", "yes_price": 2, "yes_price_dollars": "0.0200"}
{"count": 1, "count_fp": "1.00", "created_time": "2026-03-04T19:58:47.055078Z", "no_price": 98, "no_price_dollars": "0.9800", "price": 0.02, "taker_side": "no", "ticker": "KXINX-26MAR04H1600-B6837", "trade_id": "f1e13128-b229-572c-462f-2c2c5348f299", "yes_price": 2, "yes_price_dollars": "0.0200"}
{"count": 1, "count_fp": "1.00", "created_time": "2026-03-04T19:58:42.599903Z", "no_price": 98, "no_price_dollars": "0.9800", "price": 0.02, "taker_side": "no", "ticker": "KXINX-26MAR04H1600-B6837", "trade_id": "d05a289f-8347-442a-8a81-fe9163ab22c4", "yes_price": 2, "yes_price_dollars": "0.0200"}
{"count": 3, "count_fp": "3.00", "created_time": "2026-03-04T19:58:42.599903Z", "no_price": 98, "no_price_dollars": "0.9800", "price": 0.02, "taker_side": "no", "ticker": "KXINX-26MAR04H1600-B6837", "trade_id": "6fa2984f-378d-4880-9552-a39ed3d6f04d", "yes_price": 2, "yes_price_dollars": "0.0200"}
{"count": 1, "count_fp": "1.00", "created_time": "2026-03-04T19:58:34.265893Z", "no_price": 86, "no_price_dollars": "0.8600", "price": 0.14, "taker_side": "yes", "ticker": "KXINX-26MAR04H1600-B6837", "trade_id": "082b5c6f-39f8-4f34-6c77-f10489b08cde", "yes_price": 14, "yes_price_dollars": "0.1400"}
{"count": 22, "count_fp": "22.00", "created_time": "2026-03-04T19:49:16.581192Z", "no_price": 87, "no_price_dollars": "0.8700", "price": 0.13, "taker_side": "yes", "ticker": "KXINX-26MAR04H1600-B6837", "trade_id": "d3cef3f1-95b5-5449-6f15-1d85036f916c", "yes_price": 13, "yes_price_dollars": "0.1300"}
{"count": 3, "count_fp": "3.00", "created_time": "2026-03-04T19:00:43.143016Z", "no_price": 97, "no_price_dollars": "0.9700", "price": 0.03, "taker_side": "no", "ticker": "KXINX-26MAR04H1600-B6837", "trade_id": "5a48a71c-0600-5756-adca-cbad55d7055a", "yes_price": 3, "yes_price_dollars": "0.0300"}
{"count": 1, "count_fp": "1.00", "created_time": "2026-03-04T19:00:41.915804Z", "no_price": 97, "no_price_dollars": "0.9700", "price": 0.03, "taker_side": "no", "ticker": "KXINX-26MAR04H1600-B6837", "trade_id": "78465d19-8408-5a7e-97be-447a13e0f396", "yes_price": 3, "yes_price_dollars": "0.0300"}
{"count": 3, "count_fp": "3.00", "created_time": "2026-03-04T19:00:40.692225Z", "no_price": 97, "no_price_dollars": "0.9700", "price": 0.03, "taker_side": "no", "ticker": "KXINX-26MAR04H1600-B6837", "trade_id": "f58d1f23-40f0-711e-ba8e-1459efcb3fd6", "yes_price": 3, "yes_price_dollars": "0.0300"}
{"count": 2, "count_fp": "2.00", "created_time": "2026-03-04T19:00:39.473462Z", "no_price": 97, "no_price_dollars": "0.9700", "price": 0.03, "taker_side": "no", "ticker": "KXINX-26MAR04H1600-B6837", "trade_id": "fbc21cee-b740-55a6-c6e2-457b6f06872a", "yes_price": 3, "yes_price_dollars": "0.0300"}
{"count": 2, "count_fp": "2.00", "created_time": "2026-03-04T19:00:38.242036Z", "no_price": 96, "no_price_dollars": "0.9600", "price": 0.04, "taker_side": "no", "ticker": "KXINX-26MAR04H1600-B6837", "trade_id": "6010dd94-e5e7-5f41-2143-1acebe737e23", "yes_price": 4, "yes_price_dollars": "0.0400"}
{"count": 2, "count_fp": "2.00", "created_time": "2026-03-04T18:50:11.77185Z", "no_price": 85, "no_price_dollars": "0.8500", "price": 0.15, "taker_side": "no", "ticker": "KXINX-26MAR04H1600-B6837", "trade_id": "1b5e8676-ca8f-6018-9ede-5c71817033e2", "yes_price": 15, "yes_price_dollars": "0.1500"}
{"count": 3, "count_fp": "3.00", "created_time": "2026-03-04T18:18:01.563113Z", "no_price": 87, "no_price_dollars": "0.8700", "price": 0.13, "taker_side": "yes", "ticker": "KXINX-26MAR04H1600-B6837", "trade_id": "ba0e5a48-381f-691c-0650-8297ca444d35", "yes_price": 13, "yes_price_dollars": "0.1300"}
{"count": 47, "count_fp": "47.00", "created_time": "2026-03-04T18:18:01.563113Z", "no_price": 86, "no_price_dollars": "0.8600", "price": 0.14, "taker_side": "yes", "ticker": "KXINX-26MAR04H1600-B6837", "trade_id": "11e0216f-eee7-6b24-3ed2-9b6c6b4d3066", "yes_price": 14, "yes_price_dollars": "0.1400"}
{"count": 271, "count_fp": "271.00", "created_time": "2026-03-04T18:00:58.729597Z", "no_price": 88, "no_price_dollars": "0.8800", "price": 0.12, "taker_side": "no", "ticker": "KXINX-26MAR04H1600-B6837", "trade_id": "a98427e5-784f-4483-6027-59a275b50ffb", "yes_price": 12, "yes_price_dollars": "0.1200"}
{"count": 7, "count_fp": "7.00", "created_time": "2026-03-04T18:00:53.548961Z", "no_price": 88, "no_price_dollars": "0.8800", "price": 0.12, "taker_side": "no", "ticker": "KXINX-26MAR04H1600-B6837", "trade_id": "adc0ce22-ba17-67a3-db8d-a5d2adfcae2f", "yes_price": 12, "yes_price_dollars": "0.1200"}
{"count": 11, "count_fp": "11.00", "created_time": "2026-03-04T18:00:50.621022Z", "no_price": 88, "no_price_dollars": "0.8800", "price": 0.12, "taker_side": "no", "ticker": "KXINX-26MAR04H1600-B6837", "trade_id": "26695433-c36b-71ef-0a60-98528c5f57cb", "yes_price": 12, "yes_price_dollars": "0.1200"}
{"count": 1, "count_fp": "1.00", "created_time": "2026-03-04T18:00:49.402535Z", "no_price": 88, "no_price_dollars": "0.8800", "price": 0.12, "taker_side": "no", "ticker": "KXINX-26MAR04H1600-B6837", "trade_id": "277ee373-770f-7d63-c2d9-0a9e73cdd943", "yes_price": 12, "yes_price_dollars": "0.1200"}
{"count": 3, "count_fp": "3.00", "created_time": "2026-03-04T18:00:48.179872Z", "no_price": 88, "no_price_dollars": "0.8800", "price": 0.12, "taker_side": "no", "ticker": "KXINX-26MAR04H1600-B6837", "trade_id": "e9067466-14ef-67db-00e1-cfb40c4d6c83", "yes_price": 12, "yes_price_dollars": "0.1200"}
{"count": 7, "count_fp": "7.00", "created_time": "2026-03-04T18:00:46.956463Z", "no_price": 88, "no_price_dollars": "0.8800", "price": 0.12, "taker_side": "no", "ticker": "KXINX-26MAR04H1600-B6837", "trade_id": "acecb93c-1a37-707b-6226-42a878d00aa3", "yes_price": 12, "yes_price_dollars": "0.1200"}
{"count": 5, "count_fp": "5.00", "created_time": "2026-03-04T17:13:22.47364Z", "no_price": 92, "no_price_dollars": "0.9200", "price": 0.08, "taker_side": "no", "ticker": "KXINX-26MAR04H1600-B6837", "trade_id": "6a3ce967-7498-6d1a-cbf4-4d22c21d90da", "yes_price": 8, "yes_price_dollars": "0.0800"}
{"count": 59, "count_fp": "59.00", "created_time": "2026-03-04T16:38:09.808951Z", "no_price": 84, "no_price_dollars": "0.8400", "price": 0.16, "taker_side": "yes", "ticker": "KXINX-26MAR04H1600-B6837", "trade_id": "134611c5-b84e-78e2-fbc1-74b1adfa00b0", "yes_price": 16, "yes_price_dollars": "0.1600"}
{"count": 1, "count_fp": "1.00", "created_time": "2026-03-04T16:22:08.295998Z", "no_price": 79, "no_price_dollars": "0.7900", "price": 0.21, "taker_side": "yes", "ticker": "KXINX-26MAR04H1600-B6837", "trade_id": "dce3cdf2-52da-4f26-4cb7-33fd29cfdb3c", "yes_price": 21, "yes_price_dollars": "0.2100"}
{"count": 59, "count_fp": "59.00", "created_time": "2026-03-04T16:05:52.355685Z", "no_price": 88, "no_price_dollars": "0.8800", "price": 0.12, "taker_side": "yes", "ticker": "KXINX-26MAR04H1600-B6837", "trade_id": "bc04b25b-ed20-45ea-2339-0aa7e4e9f9c2", "yes_price": 12, "yes_price_dollars": "0.1200"}
{"count": 25, "count_fp": "25.00", "created_time": "2026-03-04T15:55:21.001202Z", "no_price": 82, "no_price_dollars": "0.8200", "price": 0.18, "taker_side": "no", "ticker": "KXINX-26MAR04H1600-B6837", "trade_id": "71d82e0a-00f1-71c4-f897-bf1e8fa4e062", "yes_price": 18, "yes_price_dollars": "0.1800"}
{"count": 1, "count_fp": "1.00", "created_time": "2026-03-04T15:47:05.708106Z", "no_price": 78, "no_price_dollars": "0.7800", "price": 0.22, "taker_side": "yes", "ticker": "KXINX-26MAR04H1600-B6837", "trade_id": "e32eb88a-1780-4b2a-8268-9592336284de", "yes_price": 22, "yes_price_dollars": "0.2200"}
{"count": 25, "count_fp": "25.00", "created_time": "2026-03-04T15:43:26.181522Z", "no_price": 80, "no_price_dollars": "0.8000", "price": 0.2, "taker_side": "yes", "ticker": "KXINX-26MAR04H1600-B6837", "trade_id": "6ae6c2c7-5f5d-7af3-be3e-ebc6ab517114", "yes_price": 20, "yes_price_dollars": "0.2000"}
{"count": 1, "count_fp": "1.00", "created_time": "2026-03-04T15:38:02.004165Z", "no_price": 82, "no_price_dollars": "0.8200", "price": 0.18, "taker_side": "no", "ticker": "KXINX-26MAR04H1600-B6837", "trade_id": "fdcc499f-4f90-663f-d177-cbcaafb9934c", "yes_price": 18, "yes_price_dollars": "0.1800"}
