{"count": 25, "count_fp": "25.00", "created_time": "2026-03-03T18:38:54.835221Z", "no_price": 98, "no_price_dollars": "0.9800", "price": 0.02, "taker_side": "yes", "ticker": "KXINX-26MAR03H1600-T6525", "trade_id": "e473a80c-d203-4b9f-f46f-110628e9f964", "yes_price": 2, "yes_price_dollars": "0.0200"}
{"count": 4, "count_fp": "4.00", "created_time": "2026-03-03T17:19:47.251431Z", "no_price": 98, "no_price_dollars": "0.9800", "price": 0.02, "taker_side": "no", "ticker": "KXINX-26MAR03H1600-T6525", "trade_id": "64a91b7d-34da-576b-0420-0746bead49d2", "yes_price": 2, "yes_price_dollars": "0.0200"}
{"count": 10, "count_fp": "10.00", "created_time": "2026-03-03T16:58:51.062328Z", "no_price": 97, "no_price_dollars": "0.9700", "price": 0.03, "taker_side": "yes", "ticker": "KXINX-26MAR03H1600-T6525", "trade_id": "ff0158de-074b-4673-6162-bacc89dca14d", "yes_price": 3, "yes_price_dollars": "0.0300"}
{"count": 2, "count_fp": "2.00", "created_time": "2026-03-03T16:55:27.914088Z", "no_price": 84, "no_price_dollars": "0.8400", "price": 0.16, "taker_side": "yes", "ticker": "KXINX-26MAR03H1600-T6525", "trade_id": "1c12f276-7c04-6f06-a07b-6f4de7d76256", "yes_price": 16, "yes_price_dollars": "0.1600"}
{"count": 4, "count_fp": "4.00", "created_time": "2026-03-03T17:11:41.053233Z", "no_price": 98, "no_price_dollars": "0.9800", "price": 0.02, "taker_side": "no", "ticker": "KXINX-26MAR03H1600-B7037", "trade_id": "2e1eec83-0bc7-508e-2fd3-d5b68068e945", "yes_price": 2, "yes_price_dollars": "0.0200"}
{"count": 4, "count_fp": "4.00", "created_time": "2026-03-03T17:11:41.052683Z", "no_price": 98, "no_price_dollars": "0.9800", "price": 0.02, "taker_side": "no", "ticker": "KXINX-26MAR03H1600-B7012", "trade_id": "c7e6f8eb-1d42-415b-4974-76c47b0d3d4e", "yes_price": 2, "yes_price_dollars": "0.0200"}
{"count": 4, "count_fp": "4.00", "created_time": "2026-03-03T17:11:42.266971Z", "no_price": 98, "no_price_dollars": "0.9800", "price": 0.02, "taker_side": "no", "ticker": "KXINX-26MAR03H1600-B6987", "trade_id": "e0dd43cb-f9df-7e1d-51c6-8edb308b4d10", "yes_price": 2, "yes_price_dollars": "0.0200"}
{"count": 4, "count_fp": "4.00", "created_time": "2026-03-03T17:11:42.270837Z", "no_price": 98, "no_price_dollars": "0.9800", "price": 0.02, "taker_side": "no", "ticker": "KXINX-26MAR03H1600-B6962", "trade_id": "72ecb0b4-dba5-48b4-54f6-e2c5772ef99b", "yes_price": 2, "yes_price_dollars": "0.0200"}
{"count": 84, "count_fp": "84.00", "created_time": "2026-03-03T10:16:20.425102Z", "no_price": 99, "no_price_dollars": "0.9900", "price": 0.01, "taker_side": "no", "ticker": "KXINX-26MAR03H1600-B6962", "trade_id": "85c07de7-f186-4e9a-449a-7cf4f15fde93", "yes_price": 1, "yes_price_dollars": "0.0100"}
{"count": 7, "count_fp": "7.00", "created_time": "2026-03-03T10:06:57.996583Z", "no_price": 99, "no_price_dollars": "0.9900", "price": 0.01, "taker_side": "no", "ticker": "KXINX-26MAR03H1600-B6962", "trade_id": "875711f7-b45a-6732-e6b1-edd6a26b484f", "yes_price": 1, "yes_price_dollars": "0.0100"}
{"count": 8, "count_fp": "8.00", "created_time": "2026-03-03T10:06:52.531847Z", "no_price": 99, "no_price_dollars": "0.9900", "price": 0.01, "taker_side": "no", "ticker": "KXINX-26MAR03H1600-B6962", "trade_id": "ff041fe4-7352-400a-7c07-d6b9b1849c77", "yes_price": 1, "yes_price_dollars": "0.0100"}
{"count": 4, "count_fp": "4.00", "created_time": "2026-03-03T17:11:42.27077Z", "no_price": 98, "no_price_dollars": "0.9800", "price": 0.02, "taker_side": "no", "ticker": "KXINX-26MAR03H1600-B6937", "trade_id": "92a33412-6db3-4bbc-31e5-96bec62e5fa9", "yes_price": 2, "yes_price_dollars": "0.0200"}
{"count": 84, "count_fp": "84.00", "created_time": "2026-03-03T10:16:20.426475Z", "no_price": 97, "no_price_dollars": "0.9700", "price": 0.03, "taker_side": "no", "ticker": "KXINX-26MAR03H1600-B6937", "trade_id": "4ebac84f-2fb5-759b-a769-dfd4c4d5bd54", "yes_price": 3, "yes_price_dollars": "0.0300"}
{"count": 7, "count_fp": "7.00", "created_time": "2026-03-03T10:06:57.994544Z", "no_price": 97, "no_price_dollars": "0.9700", "price": 0.03, "taker_side": "no", "ticker": "KXINX-26MAR03H1600-B6937", "trade_id": "7faaac80-8135-71ff-7c9e-8dde33a805f4", "yes_price": 3, "yes_price_dollars": "0.0300"}
{"count": 8, "count_fp": "8.00", "created_time": "2026-03-03T10:06:52.531841Z", "no_price": 97, "no_price_dollars": "0.9700", "price": 0.03, "taker_side": "no", "ticker": "KXINX-26MAR03H1600-B6937", "trade_id": "c2be4719-86bd-5c1f-6203-fbd1c3b6a09c", "yes_price": 3, "yes_price_dollars": "0.0300"}
{"count": 4, "count_fp": "4.00", "created_time": "2026-03-03T20:30:56.689883Z", "no_price": 98, "no_price_dollars": "0.9800", "price": 0.02, "taker_side": "no", "ticker": "KXINX-26MAR03H1600-B6912", "trade_id": "46d5e8c1-0053-6900-9759-bffc37e8fc98", "yes_price": 2, "yes_price_dollars": "0.0200"}
{"count": 1074, "count_fp": "1074.00", "created_time": "2026-03-03T17:52:27.770038Z", "no_price": 97, "no_price_dollars": "0.9700", "price": 0.03, "taker_side": "yes", "ticker": "KXINX-26MAR03H1600-B6912", "trade_id": "65528e9a-fcb2-7cfd-6277-b1622ce1853a", "yes_price": 3, "yes_price_dollars": "0.0300"}
{"count": 84, "count_fp": "84.00", "created_time": "2026-03-03T10:16:20.424083Z", "no_price": 96, "no_price_dollars": "0.9600", "price": 0.04, "taker_side": "no", "ticker": "KXINX-26MAR03H1600-B6912", "trade_id": "bd3b098c-1bd7-4149-5ab8-e6ee91303c5f", "yes_price": 4, "yes_price_dollars": "0.0400"}
{"count": 7, "count_fp": "7.00", "created_time": "2026-03-03T10:06:57.993845Z", "no_price": 96, "no_price_dollars": "0.9600", "price": 0.04, "taker_side": "no", "ticker": "KXINX-26MAR03H1600-B6912", "trade_id": "6f13d4fa-1b33-424d-a569-a714fa9f2d37", "yes_price": 4, "yes_price_dollars": "0.0400"}
{"count": 8, "count_fp": "8.00", "created_time": "2026-03-03T10:06:52.530414Z", "no_price": 96, "no_price_dollars": "0.9600", "price": 0.04, "taker_side": "no", "ticker": "KXINX-26MAR03H1600-B6912", "trade_id": "a487d9c4-eeaf-6021-a2ef-e08fa109785f", "yes_price": 4, "yes_price_dollars": "0.0400"}
{"count": 1, "count_fp": "1.00", "created_time": "2026-03-03T08:47:33.621095Z", "no_price": 96, "no_price_dollars": "0.9600", "price": 0.04, "taker_side": "no", "ticker": "KXINX-26MAR03H1600-B6912", "trade_id": "5f1849fd-9b7f-5f99-64d4-01deea8333ef", "yes_price": 4, "yes_price_dollars": "0.0400"}
{"count": 1, "count_fp": "1.00", "created_time": "2026-03-03T20:25:13.259389Z", "no_price": 98, "no_price_dollars": "0.9800", "price": 0.02, "taker_side": "no", "ticker": "KXINX-26MAR03H1600-B6887", "trade_id": "d5924c95-4cfe-5115-2eb7-43c0746084ce", "yes_price": 2, "yes_price_dollars": "0.0200"}
{"count": 50, "count_fp": "50.00", "created_time": "2026-03-03T18:46:34.712634Z", "no_price": 94, "no_price_dollars": "0.9400", "price": 0.06, "taker_side": "yes", "ticker": "KXINX-26MAR03H1600-B6887", "trade_id": "5ac6bf3c-a83e-6c94-7a77-6facba5b22b4", "yes_price": 6, "yes_price_dollars": "0.0600"}
{"count": 3, "count_fp": "3.00", "created_time": "2026-03-03T18:43:37.484114Z", "no_price": 93, "no_price_dollars": "0.9300", "price": 0.07, "taker_side": "yes", "ticker": "KXINX-26MAR03H1600-B6887", "trade_id": "77d0035e-fbda-79a0-9bd1-811dae138908", "yes_price": 7, "yes_price_dollars": "0.0700"}
{"count": 3, "count_fp": "3.00", "created_time": "2026-03-03T18:28:46.040571Z", "no_price": 98, "no_price_dollars": "0.9800", "price": 0.02, "taker_side": "no", "ticker": "KXINX-26MAR03H1600-B6887", "trade_id": "e915e5ba-844a-6715-2e6a-234ad1d5f07e", "yes_price": 2, "yes_price_dollars": "0.0200"}
{"count": 60, "count_fp": "60.00", "created_time": "2026-03-03T17:52:05.389485Z", "no_price": 97, "no_price_dollars": "0.9700", "price": 0.03, "taker_side": "yes", "ticker": "KXINX-26MAR03H1600-B6887", "trade_id": "69d19514-7a4f-6eb4-8eb1-92e24c479e69", "yes_price": 3, "yes_price_dollars": "0.0300"}
{"count": 760, "count_fp": "760.00", "created_time": "2026-03-03T17:52:05.389485Z", "no_price": 96, "no_price_dollars": "0.9600", "price": 0.04, "taker_side": "yes", "ticker": "KXINX-26MAR03H1600-B6887", "trade_id": "4b81f3e1-c3f4-6d42-8c6c-271a15f5df60", "yes_price": 4, "yes_price_dollars": "0.0400"}
{"count": 1, "count_fp": "1.00", "created_time": "2026-03-03T16:49:02.109139Z", "no_price": 95, "no_price_dollars": "0.9500", "price": 0.05, "taker_side": "yes", "ticker": "KXINX-26MAR03H1600-B6887", "trade_id": "8e148013-523f-7b7d-14a8-4ba9f7f0a382", "yes_price": 5, "yes_price_dollars": "0.0500"}
{"count": 6046, "count_fp": "6046.00", "created_time": "2026-03-03T15:13:44.774472Z", "no_price": 96, "no_price_dollars": "0.9600", "price": 0.04, "taker_side": "yes", "ticker": "KXINX-26MAR03H1600-B6887", "trade_id": "7d13e0ee-3e5d-66be-3f8d-88237a1e5134", "yes_price": 4, "yes_price_dollars": "0.0400"}
{"count": 19, "count_fp": "19.00", "created_time": "2026-03-03T14:27:54.917856Z", "no_price": 95, "no_price_dollars": "0.9500", "price": 0.05, "taker_side": "yes", "ticker": "KXINX-26MAR03H1600-B6887", "trade_id": "9fcba77d-48ae-4d6c-0ac3-bf0018971897", "yes_price": 5, "yes_price_dollars": "0.0500"}
{"count": 17, "count_fp": "17.00", "created_time": "2026-03-03T13:12:21.654557Z", "no_price": 93, "no_price_dollars": "0.9300", "price": 0.07, "taker_side": "no", "ticker": "KXINX-26MAR03H1600-B6887", "trade_id": "fd9d2966-7784-7b3f-e05a-5ccb0dda39d6", "yes_price": 7, "yes_price_dollars": "0.0700"}
{"count": 17, "count_fp": "17.00", "created_time": "2026-03-03T13:12:21.654557Z", "no_price": 93, "no_price_dollars": "0.9300", "price": 0.07, "taker_side": "no", "ticker": "KXINX-26MAR03H1600-B6887", "trade_id": "f83625a2-4766-70f4-d124-64de0967ae7b", "yes_price": 7, "yes_price_dollars": "0.0700"}
{"count": 17, "count_fp": "17.00", "created_time": "2026-03-03T13:12:21.654557Z", "no_price": 93, "no_price_dollars": "0.9300", "price": 0.07, "taker_side": "no", "ticker": "KXINX-26MAR03H1600-B6887", "trade_id": "eeaa9809-334e-7fd6-ff64-a355567d8fc8", "yes_price": 7, "yes_price_dollars": "0.0700"}
{"count": 21, "count_fp": "21.00", "created_time": "2026-03-03T13:12:21.654557Z", "no_price": 93, "no_price_dollars": "0.9300", "price": 0.07, "taker_side": "no", "ticker": "KXINX-26MAR03H1600-B6887", "trade_id": "eb5870d2-733a-7787-d377-da0df318586f", "yes_price": 7, "yes_price_dollars": "0.0700"}
{"count": 17, "count_fp": "17.00", "created_time": "2026-03-03T13:12:21.654557Z", "no_price": 93, "no_price_dollars": "0.9300", "price": 0.07, "taker_side": "no", "ticker": "KXINX-26MAR03H1600-B6887", "trade_id": "ea0c4900-4736-7cd2-c3f0-b93668aa9820", "yes_price": 7, "yes_price_dollars": "0.0700"}
{"count": 21, "count_fp": "21.00", "created_time": "2026-03-03T13:12:21.654557Z", "no_price": 93, "no_price_dollars": "0.9300", "price": 0.07, "taker_side": "no", "ticker": "KXINX-26MAR03H1600-B6887", "trade_id": "e66ee718-bf4b-7c44-d303-b4066a820950", "yes_price": 7, "yes_price_dollars": "0.0700"}
{"count": 17, "count_fp": "17.00", "created_time": "2026-03-03T13:12:21.654557Z", "no_price": 93, "no_price_dollars": "0.9300", "price": 0.07, "taker_side": "no", "ticker": "KXINX-26MAR03H1600-B6887", "trade_id": "e46c2b44-efdc-708c-f695-275648742ebe", "yes_price": 7, "yes_price_dollars": "0.0700"}
{"count": 21, "count_fp": "21.00", "created_time": "2026-03-03T13:12:21.654557Z", "no_price": 93, "no_price_dollars": "0.9300", "price": 0.07, "taker_side": "no", "ticker": "KXINX-26MAR03H1600-B6887", "trade_id": "e3d80d3c-f475-7601-d6bd-0ccccaa10464", "yes_price": 7, "yes_price_dollars": "0.0700"}
{"count": 21, "count_fp": "21.00", "created_time": "2026-03-03T13:12:21.654557Z", "no_price": 93, "no_price_dollars": "0.9300", "price": 0.07, "taker_side": "no", "ticker": "KXINX-26MAR03H1600-B6887", "trade_id": "c2d6c318-67c3-7806-c452-69fe9e900cac", "yes_price": 7, "yes_price_dollars": "0.0700"}
{"count": 21, "count_fp": "21.00", "created_time": "2026-03-03T13:12:21.654557Z", "no_price": 93, "no_price_dollars": "0.9300", "price": 0.07, "taker_side": "no", "ticker": "KXINX-26MAR03H1600-B6887", "trade_id": "b8b20049-9add-7644-ff3f-88042d485cea", "yes_price": 7, "yes_price_dollars": "0.0700"}
{"count": 17, "count_fp": "17.00", "created_time": "2026-03-03T13:12:21.654557Z", "no_price": 93, "no_price_dollars": "0.9300", "price": 0.07, "taker_side": "no", "ticker": "KXINX-26MAR03H1600-B6887", "trade_id": "b31b1c10-f893-7074-fccf-628325c8df6e", "yes_price": 7, "yes_price_dollars": "0.0700"}
{"count": 17, "count_fp": "17.00", "created_time": "2026-03-03T13:12:21.654557Z", "no_price": 93, "no_price_dollars": "0.9300", "price": 0.07, "taker_side": "no", "ticker": "KXINX-26MAR03H1600-B6887", "trade_id": "8df7d643-6425-7a23-e038-507d96fc25ad", "yes_price": 7, "yes_price_dollars": "0.0700"}
{"count": 21, "count_fp": "21.00", "created_time": "2026-03-03T13:12:21.654557Z", "no_price": 93, "no_price_dollars": "0.9300", "price": 0.07, "taker_side": "no", "ticker": "KXINX-26MAR03H1600-B6887", "trade_id": "719505c8-481f-7b07-d67f-c2afb1a03a97", "yes_price": 7, "yes_price_dollars": "0.0700"}
{"count": 21, "count_fp": "21.00", "created_time": "2026-03-03T13:12:21.654557Z", "no_price": 93, "no_price_dollars": "0.9300", "price": 0.07, "taker_side": "no", "ticker": "KXINX-26MAR03H1600-B6887", "trade_id": "6f8b643a-7ccc-7b05-fa14-aff69d0cc5ea", "yes_price": 7, "yes_price_dollars": "0.0700"}
{"count": 17, "count_fp": "17.00", "created_time": "2026-03-03T13:12:21.654557Z", "no_price": 93, "no_price_dollars": "0.9300", "price": 0.07, "taker_side": "no", "ticker": "KXINX-26MAR03H1600-B6887", "trade_id": "68546d51-a9c5-74ba-eafe-98f5e9cd0f7b", "yes_price": 7, "yes_price_dollars": "0.0700"}
{"count": 17, "count_fp": "17.00", "created_time": "2026-03-03T13:12:21.654557Z", "no_price": 93, "no_price_dollars": "0.9300", "price": 0.07, "taker_side": "no", "ticker": "KXINX-26MAR03H1600-B6887", "trade_id": "6312cab9-840b-7e2b-e081-aa8aa5b428b6", "yes_price": 7, "yes_price_dollars": "0.0700"}
{"count": 17, "count_fp": "17.00", "created_time": "2026-03-03T13:12:21.654557Z", "no_price": 93, "no_price_dollars": "0.9300", "price": 0.07, "taker_side": "no", "ticker": "KXINX-26MAR03H1600-B6887", "trade_id": "585e8ad2-3371-7dbf-cbaa-6ebfab71aa02", "yes_price": 7, "yes_price_dollars": "0.0700"}
{"count": 17, "count_fp": "17.00", "created_time": "2026-03-03T13:12:21.654557Z", "no_price": 93, "no_price_dollars": "0.9300", "price": 0.07, "taker_side": "no", "ticker": "KXINX-26MAR03H1600-B6887", "trade_id": "2a19fd4b-b594-7990-d1e2-a2e618a9f6ce", "yes_price": 7, "yes_price_dollars": "0.0700"}
{"count": 17, "count_fp": "17.00", "created_time": "2026-03-03T13:12:21.654557Z", "no_price": 93, "no_price_dollars": "0.9300", "price": 0.07, "taker_side": "no", "ticker": "KXINX-26MAR03H1600-B6887", "trade_id": "271c45a3-3552-7a10-e58d-44becd522c06", "yes_price": 7, "yes_price_dollars": "0.0700"}
{"count": 17, "count_fp": "17.00", "created_time": "2026-03-03T13:12:21.654557Z", "no_price": 93, "no_price_dollars": "0.9300", "price": 0.07, "taker_side": "no", "ticker": "KXINX-26MAR03H1600-B6887", "trade_id": "19f18e6a-40a2-7ff8-fa71-e1797cbcca8b", "yes_price": 7, "yes_price_dollars": "0.0700"}
{"count": 21, "count_fp": "21.00", "created_time": "2026-03-03T13:12:21.654557Z", "no_price": 93, "no_price_dollars": "0.9300", "price": 0.07, "taker_side": "no", "ticker": "KXINX-26MAR03H1600-B6887", "trade_id": "086885be-3eb1-761f-dc7c-6dc7f1a5e8bd", "yes_price": 7, "yes_price_dollars": "0.0700"}
{"count": 17, "count_fp": "17.00", "created_time": "2026-03-03T13:12:21.654557Z", "no_price": 93, "no_price_dollars": "0.9300", "price": 0.07, "taker_side": "no", "ticker": "KXINX-26MAR03H1600-B6887", "trade_id": "0861d857-1a1b-7837-c40d-ae49ffdf280b", "yes_price": 7, "yes_price_dollars": "0.0700"}
{"count": 17, "count_fp": "17.00", "created_time": "2026-03-03T13:12:21.654557Z", "no_price": 93, "no_price_dollars": "0.9300", "price": 0.07, "taker_side": "no", "ticker": "KXINX-26MAR03H1600-B6887", "trade_id": "0498e093-2b0e-7f9d-f8ff-019587669777", "yes_price": 7, "yes_price_dollars": "0.0700"}
{"count": 20, "count_fp": "20.00", "created_time": "2026-03-03T13:01:11.201028Z", "no_price": 92, "no_price_dollars": "0.9200", "price": 0.08, "taker_side": "no", "ticker": "KXINX-26MAR03H1600-B6887", "trade_id": "e1823c3e-9320-75fa-fe16-3ef0e0ec0b9a", "yes_price": 8, "yes_price_dollars": "0.0800"}
{"count": 20, "count_fp": "20.00", "created_time": "2026-03-03T13:01:11.201028Z", "no_price": 92, "no_price_dollars": "0.9200", "price": 0.08, "taker_side": "no", "ticker": "KXINX-26MAR03H1600-B6887", "trade_id": "d85097c2-e43c-7527-df44-1a6c92abe75d", "yes_price": 8, "yes_price_dollars": "0.0800"}
{"count": 20, "count_fp": "20.00", "created_time": "2026-03-03T13:01:11.201028Z", "no_price": 92, "no_price_dollars": "0.9200", "price": 0.08, "taker_side": "no", "ticker": "KXINX-26MAR03H1600-B6887", "trade_id": "95869641-65e2-7a55-cbee-01e17f257674", "yes_price": 8, "yes_price_dollars": "0.0800"}
{"count": 20, "count_fp": "20.00", "created_time": "2026-03-03T13:01:11.201028Z", "no_price": 92, "no_price_dollars": "0.9200", "price": 0.08, "taker_side": "no", "ticker": "KXINX-26MAR03H1600-B6887", "trade_id": "6f8f9957-e90d-7048-d3b9-9809ae32d37e", "yes_price": 8, "yes_price_dollars": "0.0800"}
{"count": 20, "count_fp": "20.00", "created_time": "2026-03-03T13:01:11.201028Z", "no_price": 92, "no_price_dollars": "0.9200", "price": 0.08, "taker_side": "no", "ticker": "KXINX-26MAR03H1600-B6887", "trade_id": "4241b1cb-1858-7803-c799-bc80aeb82401", "yes_price": 8, "yes_price_dollars": "0.0800"}
{"count": 6, "count_fp": "6.00", "created_time": "2026-03-03T13:01:11.201028Z", "no_price": 92, "no_price_dollars": "0.9200", "price": 0.08, "taker_side": "no", "ticker": "KXINX-26MAR03H1600-B6887", "trade_id": "37ffee23-263b-7902-c46d-cd5d1142e67b", "yes_price": 8, "yes_price_dollars": "0.0800"}
{"count": 23, "count_fp": "23.00", "created_time": "2026-03-03T13:01:11.201028Z", "no_price": 92, "no_price_dollars": "0.9200", "price": 0.08, "taker_side": "no", "ticker": "KXINX-26MAR03H1600-B6887", "trade_id": "22543c22-38d7-7ae9-c709-5b7d28354427", "yes_price": 8, "yes_price_dollars": "0.0800"}
{"count": 9, "count_fp": "9.00", "created_time": "2026-03-03T12:00:18.875538Z", "no_price": 92, "no_price_dollars": "0.9200", "price": 0.08, "taker_side": "no", "ticker": "KXINX-26MAR03H1600-B6887", "trade_id": "45e6d8d1-a773-4f82-a087-0e64677b6ccf", "yes_price": 8, "yes_price_dollars": "0.0800"}
{"count": 3, "count_fp": "3.00", "created_time": "2026-03-03T11:48:29.19358Z", "no_price": 86, "no_price_dollars": "0.8600", "price": 0.14, "taker_side": "yes", "ticker": "KXINX-26MAR03H1600-B6887", "trade_id": "51204871-89c7-63e2-ff2c-de1092b0f5d7", "yes_price": 14, "yes_price_dollars": "0.1400"}
{"count": 20, "count_fp": "20.00", "created_time": "2026-03-03T10:16:20.424383Z", "no_price": 92, "no_price_dollars": "0.9200", "price": 0.08, "taker_side": "no", "ticker": "KXINX-26MAR03H1600-B6887", "trade_id": "e4b858d9-1e14-4b83-ab26-a26c8a17c2b1", "yes_price": 8, "yes_price_dollars": "0.0800"}
{"count": 3, "count_fp": "3.00", "created_time": "2026-03-03T10:16:20.424383Z", "no_price": 92, "no_price_dollars": "0.9200", "price": 0.08, "taker_side": "no", "ticker": "KXINX-26MAR03H1600-B6887", "trade_id": "bc5a94e5-aae3-45d6-814b-dc020208f077", "yes_price": 8, "yes_price_dollars": "0.0800"}
{"count": 18, "count_fp": "18.00", "created_time": "2026-03-03T10:16:20.424383Z", "no_price": 92, "no_price_dollars": "0.9200", "price": 0.08, "taker_side": "no", "ticker": "KXINX-26MAR03H1600-B6887", "trade_id": "a6da15ce-b508-41ae-ab30-a74535127912", "yes_price": 8, "yes_price_dollars": "0.0800"}
{"count": 20, "count_fp": "20.00", "created_time": "2026-03-03T10:16:20.424383Z", "no_price": 92, "no_price_dollars": "0.9200", "price": 0.08, "taker_side": "no", "ticker": "KXINX-26MAR03H1600-B6887", "trade_id": "8c0d24d1-6b2e-44e9-a1d6-c486e5138c1b", "yes_price": 8, "yes_price_dollars": "0.0800"}
{"count": 5, "count_fp": "5.00", "created_time": "2026-03-03T10:16:20.424383Z", "no_price": 92, "no_price_dollars": "0.9200", "price": 0.08, "taker_side": "no", "ticker": "KXINX-26MAR03H1600-B6887", "trade_id": "3bfadae7-7847-4a2a-b757-0f157d78aa63", "yes_price": 8, "yes_price_dollars": "0.0800"}
{"count": 18, "count_fp": "18.00", "created_time": "2026-03-03T10:16:20.424383Z", "no_price": 92, "no_price_dollars": "0.9200", "price": 0.08, "taker_side": "no", "ticker": "KXINX-26MAR03H1600-B6887", "trade_id": "06f7bf35-bd4b-4ae5-b28b-a0b75119e215", "yes_price": 8, "yes_price_dollars": "0.0800"}
{"count": 3, "count_fp": "3.00", "created_time": "2026-03-03T10:13:34.784187Z", "no_price": 92, "no_price_dollars": "0.9200", "price": 0.08, "taker_side": "no", "ticker": "KXINX-26MAR03H1600-B6887", "trade_id": "25f20a18-c1d7-4a6e-3945-71f4e02fbc6b", "yes_price": 8, "yes_price_dollars": "0.0800"}
{"count": 7, "count_fp": "7.00", "created_time": "2026-03-03T10:06:57.994502Z", "no_price": 92, "no_price_dollars": "0.9200", "price": 0.08, "taker_side": "no", "ticker": "KXINX-26MAR03H1600-B6887", "trade_id": "6314dfda-77f3-510a-9942-52a8a5f54edb", "yes_price": 8, "yes_price_dollars": "0.0800"}
{"count": 3, "count_fp": "3.00", "created_time": "2026-03-03T10:06:52.53084Z", "no_price": 92, "no_price_dollars": "0.9200", "price": 0.08, "taker_side": "no", "ticker": "KXINX-26MAR03H1600-B6887", "trade_id": "fa8527d3-7f91-47e1-758c-55cde70f83c0", "yes_price": 8, "yes_price_dollars": "0.0800"}
{"count": 5, "count_fp": "5.00", "created_time": "2026-03-03T10:06:52.53084Z", "no_price": 92, "no_price_dollars": "0.9200", "price": 0.08, "taker_side": "no", "ticker": "KXINX-26MAR03H1600-B6887", "trade_id": "5cdafd3c-2f83-42ea-708e-9e88a63a6ba7", "yes_price": 8, "yes_price_dollars": "0.0800"}
{"count": 3, "count_fp": "3.00", "created_time": "2026-03-03T10:01:30.143704Z", "no_price": 80, "no_price_dollars": "0.8000", "price": 0.2, "taker_side": "yes", "ticker": "KXINX-26MAR03H1600-B6887", "trade_id": "a96126f1-a753-7e9e-5ebd-89cf30f9120b", "yes_price": 20, "yes_price_dollars": "0.2000"}
{"count": 3, "count_fp": "3.00", "created_time": "2026-03-03T07:01:17.526414Z", "no_price": 78, "no_price_dollars": "0.7800", "price": 0.22, "taker_side": "yes", "ticker": "KXINX-26MAR03H1600-B6887", "trade_id": "11a3233d-26a7-6202-9bcb-7108ed4e99ef", "yes_price": 22, "yes_price_dollars": "0.2200"}
{"count": 3, "count_fp": "3.00", "created_time": "2026-03-03T06:01:23.355938Z", "no_price": 78, "no_price_dollars": "0.7800", "price": 0.22, "taker_side": "yes", "ticker": "KXINX-26MAR03H1600-B6887", "trade_id": "742ef5b1-890b-6a16-4683-ae0d8d5aa173", "yes_price": 22, "yes_price_dollars": "0.2200"}
{"count": 6, "count_fp": "6.00", "created_time": "2026-03-03T20:49:14.589758Z", "no_price": 84, "no_price_dollars": "0.8400", "price": 0.16, "taker_side": "yes", "ticker": "KXINX-26MAR03H1600-B6862", "trade_id": "6d445661-c659-571f-f314-d1e6f2115ed6", "yes_price": 16, "yes_price_dollars": "0.1600"}
{"count": 36, "count_fp": "36.00", "created_time": "2026-03-03T20:49:14.589758Z", "no_price": 84, "no_price_dollars": "0.8400", "price": 0.16, "taker_side": "yes", "ticker": "KXINX-26MAR03H1600-B6862", "trade_id": "3e93ba02-33d2-5982-ede2-d9b31962fed4", "yes_price": 16, "yes_price_dollars": "0.1600"}
{"count": 6, "count_fp": "6.00", "created_time": "2026-03-03T20:43:46.272306Z", "no_price": 84, "no_price_dollars": "0.8400", "price": 0.16, "taker_side": "yes", "ticker": "KXINX-26MAR03H1600-B6862", "trade_id": "9f9b6012-6572-4b42-3434-42de6951acd8", "yes_price": 16, "yes_price_dollars": "0.1600"}
{"count": 30, "count_fp": "30.00", "created_time": "2026-03-03T20:25:55.237356Z", "no_price": 97, "no_price_dollars": "0.9700", "price": 0.03, "taker_side": "no", "ticker": "KXINX-26MAR03H1600-B6862", "trade_id": "3b29c2a7-69a0-40e0-e922-dce34047d689", "yes_price": 3, "yes_price_dollars": "0.0300"}
{"count": 3, "count_fp": "3.00", "created_time": "2026-03-03T20:25:55.237356Z", "no_price": 98, "no_price_dollars": "0.9800", "price": 0.02, "taker_side": "no", "ticker": "KXINX-26MAR03H1600-B6862", "trade_id": "362400fb-670e-4db0-d3d0-406f4a01ce93", "yes_price": 2, "yes_price_dollars": "0.0200"}
{"count": 2, "count_fp": "2.00", "created_time": "2026-03-03T20:15:29.201699Z", "no_price": 93, "no_price_dollars": "0.9300", "price": 0.07, "taker_side": "no", "ticker": "KXINX-26MAR03H1600-B6862", "trade_id": "6eb10ece-506c-515e-eb46-f1857cbe46ee", "yes_price": 7, "yes_price_dollars": "0.0700"}
{"count": 5, "count_fp": "5.00", "created_time": "2026-03-03T20:10:07.659317Z", "no_price": 93, "no_price_dollars": "0.9300", "price": 0.07, "taker_side": "no", "ticker": "KXINX-26MAR03H1600-B6862", "trade_id": "699cf7eb-fa1c-40fc-1a0e-aa86647db648", "yes_price": 7, "yes_price_dollars": "0.0700"}
{"count": 10, "count_fp": "10.00", "created_time": "2026-03-03T20:10:07.659317Z", "no_price": 90, "no_price_dollars": "0.9000", "price": 0.1, "taker_side": "no", "ticker": "KXINX-26MAR03H1600-B6862", "trade_id": "101ed9a1-5da9-4f50-2ff8-144612125118", "yes_price": 10, "yes_price_dollars": "0.1000"}
{"count": 5, "count_fp": "5.00", "created_time": "2026-03-03T20:08:14.66819Z", "no_price": 97, "no_price_dollars": "0.9700", "price": 0.03, "taker_side": "no", "ticker": "KXINX-26MAR03H1600-B6862", "trade_id": "1828a279-d737-527c-051b-df9e7cae0967", "yes_price": 3, "yes_price_dollars": "0.0300"}
{"count": 5, "count_fp": "5.00", "created_time": "2026-03-03T20:06:27.822234Z", "no_price": 97, "no_price_dollars": "0.9700", "price": 0.03, "taker_side": "no", "ticker": "KXINX-26MAR03H1600-B6862", "trade_id": "d0963e67-775c-7d71-f4bc-6415a56ea8af", "yes_price": 3, "yes_price_dollars": "0.0300"}
{"count": 4, "count_fp": "4.00", "created_time": "2026-03-03T20:06:27.822234Z", "no_price": 98, "no_price_dollars": "0.9800", "price": 0.02, "taker_side": "no", "ticker": "KXINX-26MAR03H1600-B6862", "trade_id": "b4221f93-4196-7151-eb74-63737c40a59c", "yes_price": 2, "yes_price_dollars": "0.0200"}
{"count": 5, "count_fp": "5.00", "created_time": "2026-03-03T20:02:52.16028Z", "no_price": 85, "no_price_dollars": "0.8500", "price": 0.15, "taker_side": "no", "ticker": "KXINX-26MAR03H1600-B6862", "trade_id": "e406ad41-14b9-505a-c45c-4bdde0593fa0", "yes_price": 15, "yes_price_dollars": "0.1500"}
{"count": 7, "count_fp": "7.00", "created_time": "2026-03-03T20:02:48.298161Z", "no_price": 84, "no_price_dollars": "0.8400", "price": 0.16, "taker_side": "no", "ticker": "KXINX-26MAR03H1600-B6862", "trade_id": "a4588971-df16-6623-c99b-63a31e820bce", "yes_price": 16, "yes_price_dollars": "0.1600"}
{"count": 1, "count_fp": "1.00", "created_time": "2026-03-03T20:02:47.648667Z", "no_price": 84, "no_price_dollars": "0.8400", "price": 0.16, "taker_side": "no", "ticker": "KXINX-26MAR03H1600-B6862", "trade_id": "ca95900c-e75a-499b-07e7-230e040a4c66", "yes_price": 16, "yes_price_dollars": "0.1600"}
{"count": 17, "count_fp": "17.00", "created_time": "2026-03-03T20:02:47.648667Z", "no_price": 84, "no_price_dollars": "0.8400", "price": 0.16, "taker_side": "no", "ticker": "KXINX-26MAR03H1600-B6862", "trade_id": "401ff151-d295-4a04-3ef7-5c706f439613", "yes_price": 16, "yes_price_dollars": "0.1600"}
{"count": 17, "count_fp": "17.00", "created_time": "2026-03-03T20:02:46.970848Z", "no_price": 84, "no_price_dollars": "0.8400", "price": 0.16, "taker_side": "no", "ticker": "KXINX-26MAR03H1600-B6862", "trade_id": "ca1ef7da-6dea-477c-4afb-2db902081895", "yes_price": 16, "yes_price_dollars": "0.1600"}
{"count": 17, "count_fp": "17.00", "created_time": "2026-03-03T20:02:46.351889Z", "no_price": 84, "no_price_dollars": "0.8400", "price": 0.16, "taker_side": "no", "ticker": "KXINX-26MAR03H1600-B6862", "trade_id": "ee57dadc-1ea9-79eb-35f6-598132f9ca48", "yes_price": 16, "yes_price_dollars": "0.1600"}
{"count": 1, "count_fp": "1.00", "created_time": "2026-03-03T19:54:05.755655Z", "no_price": 85, "no_price_dollars": "0.8500", "price": 0.15, "taker_side": "no", "ticker": "KXINX-26MAR03H1600-B6862", "trade_id": "81378006-4abe-59a6-90d0-d3d5f323651c", "yes_price": 15, "yes_price_dollars": "0.1500"}
{"count": 1, "count_fp": "1.00", "created_time": "2026-03-03T19:51:08.360876Z", "no_price": 59, "no_price_dollars": "0.5900", "price": 0.41, "taker_side": "yes", "ticker": "KXINX-26MAR03H1600-B6862", "trade_id": "0da92593-3992-49b1-cf3e-207918572102", "yes_price": 41, "yes_price_dollars": "0.4100"}
{"count": 1, "count_fp": "1.00", "created_time": "2026-03-03T19:50:10.675297Z", "no_price": 59, "no_price_dollars": "0.5900", "price": 0.41, "taker_side": "yes", "ticker": "KXINX-26MAR03H1600-B6862", "trade_id": "5025dcce-3446-5727-5718-d9d119276eb4", "yes_price": 41, "yes_price_dollars": "0.4100"}
{"count": 5, "count_fp": "5.00", "created_time": "2026-03-03T19:21:57.747186Z", "no_price": 80, "no_price_dollars": "0.8000", "price": 0.2, "taker_side": "no", "ticker": "KXINX-26MAR03H1600-B6862", "trade_id": "c1baf13e-dfe1-7dd6-d270-3e0ecf52bd83", "yes_price": 20, "yes_price_dollars": "0.2000"}
{"count": 4, "count_fp": "4.00", "created_time": "2026-03-03T19:21:47.342305Z", "no_price": 70, "no_price_dollars": "0.7000", "price": 0.3, "taker_side": "yes", "ticker": "KXINX-26MAR03H1600-B6862", "trade_id": "abf70c4c-e977-56dc-7bd2-a45300f6774a", "yes_price": 30, "yes_price_dollars": "0.3000"}
{"count": 12, "count_fp": "12.00", "created_time": "2026-03-03T19:21:47.342305Z", "no_price": 58, "no_price_dollars": "0.5800", "price": 0.42, "taker_side": "yes", "ticker": "KXINX-26MAR03H1600-B6862", "trade_id": "8a27f160-baf0-5451-6135-c3355625e6cb", "yes_price": 42, "yes_price_dollars": "0.4200"}
{"count": 12, "count_fp": "12.00", "created_time": "2026-03-03T19:21:47.342305Z", "no_price": 69, "no_price_dollars": "0.6900", "price": 0.31, "taker_side": "yes", "ticker": "KXINX-26MAR03H1600-B6862", "trade_id": "541e9cd2-99af-55e2-4764-1d11e77306c5", "yes_price": 31, "yes_price_dollars": "0.3100"}
{"count": 12, "count_fp": "12.00", "created_time": "2026-03-03T19:21:47.342305Z", "no_price": 63, "no_price_dollars": "0.6300", "price": 0.37, "taker_side": "yes", "ticker": "KXINX-26MAR03H1600-B6862", "trade_id": "375817d8-e22f-57a1-705c-78be5a7caefe", "yes_price": 37, "yes_price_dollars": "0.3700"}
{"count": 7, "count_fp": "7.00", "created_time": "2026-03-03T19:15:25.754474Z", "no_price": 86, "no_price_dollars": "0.8600", "price": 0.14, "taker_side": "no", "ticker": "KXINX-26MAR03H1600-B6862", "trade_id": "30495941-80c2-4530-3b66-a71dc41989fe", "yes_price": 14, "yes_price_dollars": "0.1400"}
{"count": 2, "count_fp": "2.00", "created_time": "2026-03-03T19:15:20.924502Z", "no_price": 87, "no_price_dollars": "0.8700", "price": 0.13, "taker_side": "no", "ticker": "KXINX-26MAR03H1600-B6862", "trade_id": "49ccba88-4010-675a-5723-7b6cedaae003", "yes_price": 13, "yes_price_dollars": "0.1300"}
{"count": 1, "count_fp": "1.00", "created_time": "2026-03-03T19:14:22.358039Z", "no_price": 70, "no_price_dollars": "0.7000", "price": 0.3, "taker_side": "yes", "ticker": "KXINX-26MAR03H1600-B6862", "trade_id": "f4c269b5-414b-5acd-41d8-14906a42a189", "yes_price": 30, "yes_price_dollars": "0.3000"}
{"count": 3, "count_fp": "3.00", "created_time": "2026-03-03T19:14:22.358039Z", "no_price": 70, "no_price_dollars": "0.7000", "price": 0.3, "taker_side": "yes", "ticker": "KXINX-26MAR03H1600-B6862", "trade_id": "6d160c34-e954-5867-4975-38806d374faa", "yes_price": 30, "yes_price_dollars": "0.3000"}
{"count": 3, "count_fp": "3.00", "created_time": "2026-03-03T19:14:22.358039Z", "no_price": 70, "no_price_dollars": "0.7000", "price": 0.3, "taker_side": "yes", "ticker": "KXINX-26MAR03H1600-B6862", "trade_id": "5cb1cadc-a182-59c1-7fc4-849457358184", "yes_price": 30, "yes_price_dollars": "0.3000"}
{"count": 3, "count_fp": "3.00", "created_time": "2026-03-03T19:11:54.337718Z", "no_price": 70, "no_price_dollars": "0.7000", "price": 0.3, "taker_side": "yes", "ticker": "KXINX-26MAR03H1600-B6862", "trade_id": "5efc4d1a-9e4f-4579-7d37-b5e7c349aa4d", "yes_price": 30, "yes_price_dollars": "0.3000"}
{"count": 1, "count_fp": "1.00", "created_time": "2026-03-03T18:57:32.215982Z", "no_price": 83, "no_price_dollars": "0.8300", "price": 0.17, "taker_side": "yes", "ticker": "KXINX-26MAR03H1600-B6862", "trade_id": "29e521f0-bd35-62ef-0390-3cd763549395", "yes_price": 17, "yes_price_dollars": "0.1700"}
{"count": 5, "count_fp": "5.00", "created_time": "2026-03-03T18:53:57.700852Z", "no_price": 80, "no_price_dollars": "0.8000", "price": 0.2, "taker_side": "no", "ticker": "KXINX-26MAR03H1600-B6862", "trade_id": "ef9363cc-3449-43e0-5be9-35b40761ff96", "yes_price": 20, "yes_price_dollars": "0.2000"}
{"count": 1, "count_fp": "1.00", "created_time": "2026-03-03T18:43:44.593132Z", "no_price": 83, "no_price_dollars": "0.8300", "price": 0.17, "taker_side": "no", "ticker": "KXINX-26MAR03H1600-B6862", "trade_id": "164c0173-ca1d-7253-c8ee-983f8dcdc42d", "yes_price": 17, "yes_price_dollars": "0.1700"}
{"count": 5, "count_fp": "5.00", "created_time": "2026-03-03T18:43:26.990207Z", "no_price": 80, "no_price_dollars": "0.8000", "price": 0.2, "taker_side": "no", "ticker": "KXINX-26MAR03H1600-B6862", "trade_id": "c57b3c8a-2fd9-42ea-4ce1-0bd502049da6", "yes_price": 20, "yes_price_dollars": "0.2000"}
{"count": 8, "count_fp": "8.00", "created_time": "2026-03-03T18:39:27.766099Z", "no_price": 79, "no_price_dollars": "0.7900", "price": 0.21, "taker_side": "yes", "ticker": "KXINX-26MAR03H1600-B6862", "trade_id": "bb17fd60-0eba-533c-de8a-be846fe6bdb3", "yes_price": 21, "yes_price_dollars": "0.2100"}
{"count": 1, "count_fp": "1.00", "created_time": "2026-03-03T18:39:27.766099Z", "no_price": 79, "no_price_dollars": "0.7900", "price": 0.21, "taker_side": "yes", "ticker": "KXINX-26MAR03H1600-B6862", "trade_id": "a7815cad-8784-56e6-e661-4df9a205c49c", "yes_price": 21, "yes_price_dollars": "0.2100"}
{"count": 62, "count_fp": "62.00", "created_time": "2026-03-03T18:24:27.562143Z", "no_price": 88, "no_price_dollars": "0.8800", "price": 0.12, "taker_side": "yes", "ticker": "KXINX-26MAR03H1600-B6862", "trade_id": "4f18013e-3ca7-42f5-22c6-1179071f0c6c", "yes_price": 12, "yes_price_dollars": "0.1200"}
{"count": 3, "count_fp": "3.00", "created_time": "2026-03-03T18:02:54.023064Z", "no_price": 97, "no_price_dollars": "0.9700", "price": 0.03, "taker_side": "no", "ticker": "KXINX-26MAR03H1600-B6862", "trade_id": "9d3a8f0d-b202-4252-1082-afd3adeb464a", "yes_price": 3, "yes_price_dollars": "0.0300"}
{"count": 45, "count_fp": "45.00", "created_time": "2026-03-03T17:52:48.818527Z", "no_price": 94, "no_price_dollars": "0.9400", "price": 0.06, "taker_side": "yes", "ticker": "KXINX-26MAR03H1600-B6862", "trade_id": "8fb5f85e-9ceb-4b91-f712-fe44f227fee5", "yes_price": 6, "yes_price_dollars": "0.0600"}
{"count": 2, "count_fp": "2.00", "created_time": "2026-03-03T17:52:48.818527Z", "no_price": 94, "no_price_dollars": "0.9400", "price": 0.06, "taker_side": "yes", "ticker": "KXINX-26MAR03H1600-B6862", "trade_id": "4dbfdecb-8ad0-4a62-c120-351a0e28e728", "yes_price": 6, "yes_price_dollars": "0.0600"}
{"count": 60, "count_fp": "60.00", "created_time": "2026-03-03T17:52:48.818527Z", "no_price": 94, "no_price_dollars": "0.9400", "price": 0.06, "taker_side": "yes", "ticker": "KXINX-26MAR03H1600-B6862", "trade_id": "264752c8-13d0-4da1-c1ec-4bd375c5e7b1", "yes_price": 6, "yes_price_dollars": "0.0600"}
{"count": 369, "count_fp": "369.00", "created_time": "2026-03-03T17:52:48.818527Z", "no_price": 93, "no_price_dollars": "0.9300", "price": 0.07, "taker_side": "yes", "ticker": "KXINX-26MAR03H1600-B6862", "trade_id": "1e3d5f3e-0586-4d55-f8c8-9d523569becb", "yes_price": 7, "yes_price_dollars": "0.0700"}
{"count": 98, "count_fp": "98.00", "created_time": "2026-03-03T17:41:38.521876Z", "no_price": 94, "no_price_dollars": "0.9400", "price": 0.06, "taker_side": "yes", "ticker": "KXINX-26MAR03H1600-B6862", "trade_id": "c6df6369-cd1a-51f9-980b-3e82f8005a57", "yes_price": 6, "yes_price_dollars": "0.0600"}
{"count": 2, "count_fp": "2.00", "created_time": "2026-03-03T17:41:38.521876Z", "no_price": 96, "no_price_dollars": "0.9600", "price": 0.04, "taker_side": "yes", "ticker": "KXINX-26MAR03H1600-B6862", "trade_id": "9b93b80b-3a36-5f9c-ac41-c6e6bbe87234", "yes_price": 4, "yes_price_dollars": "0.0400"}
{"count": 4, "count_fp": "4.00", "created_time": "2026-03-03T16:57:31.499987Z", "no_price": 93, "no_price_dollars": "0.9300", "price": 0.07, "taker_side": "no", "ticker": "KXINX-26MAR03H1600-B6862", "trade_id": "49c69d89-b9db-4032-22a1-cf211aaacf18", "yes_price": 7, "yes_price_dollars": "0.0700"}
{"count": 71, "count_fp": "71.00", "created_time": "2026-03-03T16:31:45.14194Z", "no_price": 95, "no_price_dollars": "0.9500", "price": 0.05, "taker_side": "yes", "ticker": "KXINX-26MAR03H1600-B6862", "trade_id": "8db98b90-f05c-628a-0000-2b6263f3c2f6", "yes_price": 5, "yes_price_dollars": "0.0500"}
{"count": 4839, "count_fp": "4839.00", "created_time": "2026-03-03T15:15:22.289761Z", "no_price": 95, "no_price_dollars": "0.9500", "price": 0.05, "taker_side": "yes", "ticker": "KXINX-26MAR03H1600-B6862", "trade_id": "09b56f9a-7ae6-7930-80cc-16968151ce1b", "yes_price": 5, "yes_price_dollars": "0.0500"}
{"count": 20, "count_fp": "20.00", "created_time": "2026-03-03T15:00:35.334895Z", "no_price": 94, "no_price_dollars": "0.9400", "price": 0.06, "taker_side": "no", "ticker": "KXINX-26MAR03H1600-B6862", "trade_id": "ae74d967-a673-5d1e-2238-c68052ce3d80", "yes_price": 6, "yes_price_dollars": "0.0600"}
{"count": 20, "count_fp": "20.00", "created_time": "2026-03-03T15:00:35.334895Z", "no_price": 94, "no_price_dollars": "0.9400", "price": 0.06, "taker_side": "no", "ticker": "KXINX-26MAR03H1600-B6862", "trade_id": "a905ac9c-658a-55c8-0a60-70eda4e0a505", "yes_price": 6, "yes_price_dollars": "0.0600"}
{"count": 20, "count_fp": "20.00", "created_time": "2026-03-03T15:00:35.334895Z", "no_price": 94, "no_price_dollars": "0.9400", "price": 0.06, "taker_side": "no", "ticker": "KXINX-26MAR03H1600-B6862", "trade_id": "a698a63e-ff7c-5306-3ef7-f575aa2e3c3f", "yes_price": 6, "yes_price_dollars": "0.0600"}
{"count": 20, "count_fp": "20.00", "created_time": "2026-03-03T15:00:35.334895Z", "no_price": 94, "no_price_dollars": "0.9400", "price": 0.06, "taker_side": "no", "ticker": "KXINX-26MAR03H1600-B6862", "trade_id": "9c4ab7f3-9b62-50ac-00c4-a3273e9f20e2", "yes_price": 6, "yes_price_dollars": "0.0600"}
{"count": 20, "count_fp": "20.00", "created_time": "2026-03-03T15:00:35.334895Z", "no_price": 94, "no_price_dollars": "0.9400", "price": 0.06, "taker_side": "no", "ticker": "KXINX-26MAR03H1600-B6862", "trade_id": "7cc6de2f-f527-5b1d-2f41-e78a11413563", "yes_price": 6, "yes_price_dollars": "0.0600"}
{"count": 20, "count_fp": "20.00", "created_time": "2026-03-03T15:00:35.334895Z", "no_price": 94, "no_price_dollars": "0.9400", "price": 0.06, "taker_side": "no", "ticker": "KXINX-26MAR03H1600-B6862", "trade_id": "6c65294a-6e02-508b-19fd-e70670ea81d2", "yes_price": 6, "yes_price_dollars": "0.0600"}
{"count": 20, "count_fp": "20.00", "created_time": "2026-03-03T15:00:35.334895Z", "no_price": 94, "no_price_dollars": "0.9400", "price": 0.06, "taker_side": "no", "ticker": "KXINX-26MAR03H1600-B6862", "trade_id": "3cd28a30-16b8-57ad-3cd3-4c5e6f5cb0f3", "yes_price": 6, "yes_price_dollars": "0.0600"}
{"count": 20, "count_fp": "20.00", "created_time": "2026-03-03T15:00:35.334895Z", "no_price": 94, "no_price_dollars": "0.9400", "price": 0.06, "taker_side": "no", "ticker": "KXINX-26MAR03H1600-B6862", "trade_id": "2cebf5bb-e384-56bc-25c1-281ff065fbec", "yes_price": 6, "yes_price_dollars": "0.0600"}
{"count": 20, "count_fp": "20.00", "created_time": "2026-03-03T15:00:35.334895Z", "no_price": 94, "no_price_dollars": "0.9400", "price": 0.06, "taker_side": "no", "ticker": "KXINX-26MAR03H1600-B6862", "trade_id": "12ed8a68-d2cc-5473-1859-9709e7e5c217", "yes_price": 6, "yes_price_dollars": "0.0600"}
{"count": 18, "count_fp": "18.00", "created_time": "2026-03-03T15:00:35.334895Z", "no_price": 94, "no_price_dollars": "0.9400", "price": 0.06, "taker_side": "no", "ticker": "KXINX-26MAR03H1600-B6862", "trade_id": "08c25883-9f73-59e4-2426-78506e7790a7", "yes_price": 6, "yes_price_dollars": "0.0600"}
{"count": 2, "count_fp": "2.00", "created_time": "2026-03-03T14:57:28.675119Z", "no_price": 94, "no_price_dollars": "0.9400", "price": 0.06, "taker_side": "no", "ticker": "KXINX-26MAR03H1600-B6862", "trade_id": "8e37b845-05a7-4a2c-58a7-b49fe95d4bd7", "yes_price": 6, "yes_price_dollars": "0.0600"}
{"count": 21, "count_fp": "21.00", "created_time": "2026-03-03T14:28:03.551089Z", "no_price": 91, "no_price_dollars": "0.9100", "price": 0.09, "taker_side": "yes", "ticker": "KXINX-26MAR03H1600-B6862", "trade_id": "c366d790-01b7-5c7d-87d6-f67b2b53a4ff", "yes_price": 9, "yes_price_dollars": "0.0900"}
{"count": 1, "count_fp": "1.00", "created_time": "2026-03-03T13:52:47.390959Z", "no_price": 92, "no_price_dollars": "0.9200", "price": 0.08, "taker_side": "no", "ticker": "KXINX-26MAR03H1600-B6862", "trade_id": "f9db0da6-eb0a-786c-d4a7-45cb53b92a4a", "yes_price": 8, "yes_price_dollars": "0.0800"}
{"count": 3, "count_fp": "3.00", "created_time": "2026-03-03T10:35:55.516544Z", "no_price": 78, "no_price_dollars": "0.7800", "price": 0.22, "taker_side": "yes", "ticker": "KXINX-26MAR03H1600-B6862", "trade_id": "809d212e-decd-6f11-4e27-06d3e1318abd", "yes_price": 22, "yes_price_dollars": "0.2200"}
{"count": 21, "count_fp": "21.00", "created_time": "2026-03-03T20:59:06.366605Z", "no_price": 99, "no_price_dollars": "0.9900", "price": 0.01, "taker_side": "no", "ticker": "KXINX-26MAR03H1600-B6837", "trade_id": "e6e044b3-2ae8-49fa-71fc-81288580a0a3", "yes_price": 1, "yes_price_dollars": "0.0100"}
{"count": 6, "count_fp": "6.00", "created_time": "2026-03-03T20:59:06.366605Z", "no_price": 99, "no_price_dollars": "0.9900", "price": 0.01, "taker_side": "no", "ticker": "KXINX-26MAR03H1600-B6837", "trade_id": "daf50a5f-bda5-4eab-65b5-fb9b9424caf8", "yes_price": 1, "yes_price_dollars": "0.0100"}
{"count": 1, "count_fp": "1.00", "created_time": "2026-03-03T20:59:06.366605Z", "no_price": 99, "no_price_dollars": "0.9900", "price": 0.01, "taker_side": "no", "ticker": "KXINX-26MAR03H1600-B6837", "trade_id": "2db16720-d099-47b8-402c-514edbddfaa6", "yes_price": 1, "yes_price_dollars": "0.0100"}
{"count": 22, "count_fp": "22.00", "created_time": "2026-03-03T20:59:06.366605Z", "no_price": 99, "no_price_dollars": "0.9900", "price": 0.01, "taker_side": "no", "ticker": "KXINX-26MAR03H1600-B6837", "trade_id": "0db645e4-6b52-4ce7-41a3-9fc5251332fe", "yes_price": 1, "yes_price_dollars": "0.0100"}
{"count": 4, "count_fp": "4.00", "created_time": "2026-03-03T20:58:30.671263Z", "no_price": 98, "no_price_dollars": "0.9800", "price": 0.02, "taker_side": "no", "ticker": "KXINX-26MAR03H1600-B6837", "trade_id": "a0fac246-e23e-7f29-2f8a-955543b4a807", "yes_price": 2, "yes_price_dollars": "0.0200"}
{"count": 16, "count_fp": "16.00", "created_time": "2026-03-03T20:58:30.671263Z", "no_price": 98, "no_price_dollars": "0.9800", "price": 0.02, "taker_side": "no", "ticker": "KXINX-26MAR03H1600-B6837", "trade_id": "90e6f03d-4ea3-7869-183c-0d7af7f6c9e8", "yes_price": 2, "yes_price_dollars": "0.0200"}
{"count": 2, "count_fp": "2.00", "created_time": "2026-03-03T20:57:14.564466Z", "no_price": 97, "no_price_dollars": "0.9700", "price": 0.03, "taker_side": "no", "ticker": "KXINX-26MAR03H1600-B6837", "trade_id": "ad288406-0918-4ade-ab3e-f3e1b47bd5f9", "yes_price": 3, "yes_price_dollars": "0.0300"}
{"count": 1716, "count_fp": "1716.00", "created_time": "2026-03-03T20:57:11.436997Z", "no_price": 13, "no_price_dollars": "0.1300", "price": 0.87, "taker_side": "yes", "ticker": "KXINX-26MAR03H1600-B6837", "trade_id": "66f625ff-c0e5-5935-db30-41d89aaff217", "yes_price": 87, "yes_price_dollars": "0.8700"}
{"count": 1, "count_fp": "1.00", "created_time": "2026-03-03T20:55:43.263195Z", "no_price": 13, "no_price_dollars": "0.1300", "price": 0.87, "taker_side": "yes", "ticker": "KXINX-26MAR03H1600-B6837", "trade_id": "5ff9ea4f-8a25-6235-8b19-5cedb1d0288b", "yes_price": 87, "yes_price_dollars": "0.8700"}
{"count": 1, "count_fp": "1.00", "created_time": "2026-03-03T20:50:36.29337Z", "no_price": 80, "no_price_dollars": "0.8000", "price": 0.2, "taker_side": "no", "ticker": "KXINX-26MAR03H1600-B6837", "trade_id": "3ffb90ea-edc2-7b3c-0795-628807f34ef4", "yes_price": 20, "yes_price_dollars": "0.2000"}
{"count": 2, "count_fp": "2.00", "created_time": "2026-03-03T20:50:32.736328Z", "no_price": 79, "no_price_dollars": "0.7900", "price": 0.21, "taker_side": "no", "ticker": "KXINX-26MAR03H1600-B6837", "trade_id": "48619dc3-5b98-4e89-4961-7995a86bdfd3", "yes_price": 21, "yes_price_dollars": "0.2100"}
{"count": 5, "count_fp": "5.00", "created_time": "2026-03-03T20:50:28.984964Z", "no_price": 76, "no_price_dollars": "0.7600", "price": 0.24, "taker_side": "no", "ticker": "KXINX-26MAR03H1600-B6837", "trade_id": "7a2edc85-87eb-609d-9293-d67596cb1813", "yes_price": 24, "yes_price_dollars": "0.2400"}
{"count": 5, "count_fp": "5.00", "created_time": "2026-03-03T20:47:25.026702Z", "no_price": 76, "no_price_dollars": "0.7600", "price": 0.24, "taker_side": "no", "ticker": "KXINX-26MAR03H1600-B6837", "trade_id": "fb4b8716-0a1c-6d4a-1205-11d8502516c0", "yes_price": 24, "yes_price_dollars": "0.2400"}
{"count": 6, "count_fp": "6.00", "created_time": "2026-03-03T20:37:05.442784Z", "no_price": 12, "no_price_dollars": "0.1200", "price": 0.88, "taker_side": "yes", "ticker": "KXINX-26MAR03H1600-B6837", "trade_id": "f25840cb-5a17-49ce-69e3-926163063f68", "yes_price": 88, "yes_price_dollars": "0.8800"}
{"count": 4, "count_fp": "4.00", "created_time": "2026-03-03T20:37:05.442784Z", "no_price": 13, "no_price_dollars": "0.1300", "price": 0.87, "taker_side": "yes", "ticker": "KXINX-26MAR03H1600-B6837", "trade_id": "ade4f927-de77-4a90-569d-1819e1864226", "yes_price": 87, "yes_price_dollars": "0.8700"}
{"count": 6, "count_fp": "6.00", "created_time": "2026-03-03T20:18:06.080731Z", "no_price": 13, "no_price_dollars": "0.1300", "price": 0.87, "taker_side": "yes", "ticker": "KXINX-26MAR03H1600-B6837", "trade_id": "5352d01c-3749-6736-2746-82c35695e7d5", "yes_price": 87, "yes_price_dollars": "0.8700"}
{"count": 1, "count_fp": "1.00", "created_time": "2026-03-03T20:16:34.372876Z", "no_price": 13, "no_price_dollars": "0.1300", "price": 0.87, "taker_side": "yes", "ticker": "KXINX-26MAR03H1600-B6837", "trade_id": "7a13c2e0-143d-4ae6-0ee8-62b38b7c8121", "yes_price": 87, "yes_price_dollars": "0.8700"}
{"count": 1, "count_fp": "1.00", "created_time": "2026-03-03T20:15:10.312397Z", "no_price": 89, "no_price_dollars": "0.8900", "price": 0.11, "taker_side": "no", "ticker": "KXINX-26MAR03H1600-B6837", "trade_id": "713bcb61-819b-40b8-f280-9edc6e143b55", "yes_price": 11, "yes_price_dollars": "0.1100"}
{"count": 17, "count_fp": "17.00", "created_time": "2026-03-03T20:10:12.018484Z", "no_price": 18, "no_price_dollars": "0.1800", "price": 0.82, "taker_side": "no", "ticker": "KXINX-26MAR03H1600-B6837", "trade_id": "43d06df9-a824-76c9-d76e-fe10c82c24bf", "yes_price": 82, "yes_price_dollars": "0.8200"}
{"count": 5, "count_fp": "5.00", "created_time": "2026-03-03T20:10:12.017603Z", "no_price": 18, "no_price_dollars": "0.1800", "price": 0.82, "taker_side": "no", "ticker": "KXINX-26MAR03H1600-B6837", "trade_id": "2e43e1af-d994-5cb5-799a-294382d43ca7", "yes_price": 82, "yes_price_dollars": "0.8200"}
{"count": 2, "count_fp": "2.00", "created_time": "2026-03-03T20:10:11.986169Z", "no_price": 18, "no_price_dollars": "0.1800", "price": 0.82, "taker_side": "yes", "ticker": "KXINX-26MAR03H1600-B6837", "trade_id": "f1da94b8-eb02-4aab-1e10-fa2a3f0ca37a", "yes_price": 82, "yes_price_dollars": "0.8200"}
{"count": 7, "count_fp": "7.00", "created_time": "2026-03-03T20:08:54.750322Z", "no_price": 47, "no_price_dollars": "0.4700", "price": 0.53, "taker_side": "yes", "ticker": "KXINX-26MAR03H1600-B6837", "trade_id": "fa673114-46cc-7d86-a499-618132b99014", "yes_price": 53, "yes_price_dollars": "0.5300"}
{"count": 12, "count_fp": "12.00", "created_time": "2026-03-03T20:08:54.750322Z", "no_price": 19, "no_price_dollars": "0.1900", "price": 0.81, "taker_side": "yes", "ticker": "KXINX-26MAR03H1600-B6837", "trade_id": "e4832c2c-2549-780a-b5f0-e3f82a734901", "yes_price": 81, "yes_price_dollars": "0.8100"}
{"count": 15, "count_fp": "15.00", "created_time": "2026-03-03T20:08:54.750322Z", "no_price": 12, "no_price_dollars": "0.1200", "price": 0.88, "taker_side": "yes", "ticker": "KXINX-26MAR03H1600-B6837", "trade_id": "c882f294-b11b-7c8a-8260-4b5ca5d136b8", "yes_price": 88, "yes_price_dollars": "0.8800"}
{"count": 5, "count_fp": "5.00", "created_time": "2026-03-03T20:08:54.750322Z", "no_price": 30, "no_price_dollars": "0.3000", "price": 0.7, "taker_side": "yes", "ticker": "KXINX-26MAR03H1600-B6837", "trade_id": "98a8d9d1-fb84-79ff-8ecb-8d1e450fbb28", "yes_price": 70, "yes_price_dollars": "0.7000"}
{"count": 22, "count_fp": "22.00", "created_time": "2026-03-03T20:08:54.750322Z", "no_price": 13, "no_price_dollars": "0.1300", "price": 0.87, "taker_side": "yes", "ticker": "KXINX-26MAR03H1600-B6837", "trade_id": "0bb7dd35-219d-781f-a79b-65a5a4881ddb", "yes_price": 87, "yes_price_dollars": "0.8700"}
{"count": 5, "count_fp": "5.00", "created_time": "2026-03-03T20:02:11.221598Z", "no_price": 47, "no_price_dollars": "0.4700", "price": 0.53, "taker_side": "yes", "ticker": "KXINX-26MAR03H1600-B6837", "trade_id": "c35f508a-6d74-75a2-01e1-c985a16a6c04", "yes_price": 53, "yes_price_dollars": "0.5300"}
{"count": 2, "count_fp": "2.00", "created_time": "2026-03-03T20:01:38.348485Z", "no_price": 55, "no_price_dollars": "0.5500", "price": 0.45, "taker_side": "yes", "ticker": "KXINX-26MAR03H1600-B6837", "trade_id": "36c7c034-421f-5551-1de2-38c6a839329c", "yes_price": 45, "yes_price_dollars": "0.4500"}
{"count": 2, "count_fp": "2.00", "created_time": "2026-03-03T19:41:35.542722Z", "no_price": 96, "no_price_dollars": "0.9600", "price": 0.04, "taker_side": "yes", "ticker": "KXINX-26MAR03H1600-B6837", "trade_id": "50f17047-2293-52e3-8e08-425b9dfa889d", "yes_price": 4, "yes_price_dollars": "0.0400"}
{"count": 2, "count_fp": "2.00", "created_time": "2026-03-03T19:38:55.245138Z", "no_price": 96, "no_price_dollars": "0.9600", "price": 0.04, "taker_side": "yes", "ticker": "KXINX-26MAR03H1600-B6837", "trade_id": "14808b36-9b44-7ae4-af7a-0727b60e1644", "yes_price": 4, "yes_price_dollars": "0.0400"}
{"count": 10, "count_fp": "10.00", "created_time": "2026-03-03T19:38:43.826979Z", "no_price": 55, "no_price_dollars": "0.5500", "price": 0.45, "taker_side": "yes", "ticker": "KXINX-26MAR03H1600-B6837", "trade_id": "d1adc20d-8e8b-40b5-ef11-e593af17b268", "yes_price": 45, "yes_price_dollars": "0.4500"}
{"count": 3, "count_fp": "3.00", "created_time": "2026-03-03T19:00:53.980977Z", "no_price": 62, "no_price_dollars": "0.6200", "price": 0.38, "taker_side": "no", "ticker": "KXINX-26MAR03H1600-B6837", "trade_id": "b8dd3c95-e628-7a6e-a9f2-6b5f4b0ebc12", "yes_price": 38, "yes_price_dollars": "0.3800"}
{"count": 5, "count_fp": "5.00", "created_time": "2026-03-03T19:00:31.488542Z", "no_price": 63, "no_price_dollars": "0.6300", "price": 0.37, "taker_side": "no", "ticker": "KXINX-26MAR03H1600-B6837", "trade_id": "7cc16a5d-f23e-7fdb-a85c-6c4b50e43e76", "yes_price": 37, "yes_price_dollars": "0.3700"}
{"count": 7, "count_fp": "7.00", "created_time": "2026-03-03T18:50:56.068026Z", "no_price": 62, "no_price_dollars": "0.6200", "price": 0.38, "taker_side": "yes", "ticker": "KXINX-26MAR03H1600-B6837", "trade_id": "eba1bc4c-2055-6ec3-5eb5-e3533e4e99dd", "yes_price": 38, "yes_price_dollars": "0.3800"}
{"count": 5, "count_fp": "5.00", "created_time": "2026-03-03T18:38:06.16238Z", "no_price": 67, "no_price_dollars": "0.6700", "price": 0.33, "taker_side": "no", "ticker": "KXINX-26MAR03H1600-B6837", "trade_id": "521f3e87-7357-7b97-2218-977ceead1e0f", "yes_price": 33, "yes_price_dollars": "0.3300"}
{"count": 5, "count_fp": "5.00", "created_time": "2026-03-03T18:38:06.16238Z", "no_price": 69, "no_price_dollars": "0.6900", "price": 0.31, "taker_side": "no", "ticker": "KXINX-26MAR03H1600-B6837", "trade_id": "0dcecbfe-5233-7711-2185-a0db6c0fca91", "yes_price": 31, "yes_price_dollars": "0.3100"}
{"count": 13, "count_fp": "13.00", "created_time": "2026-03-03T18:36:59.503834Z", "no_price": 64, "no_price_dollars": "0.6400", "price": 0.36, "taker_side": "yes", "ticker": "KXINX-26MAR03H1600-B6837", "trade_id": "c0a5a7aa-fa15-44bf-76f3-3bb888ffec11", "yes_price": 36, "yes_price_dollars": "0.3600"}
{"count": 20, "count_fp": "20.00", "created_time": "2026-03-03T18:31:20.940096Z", "no_price": 71, "no_price_dollars": "0.7100", "price": 0.29, "taker_side": "yes", "ticker": "KXINX-26MAR03H1600-B6837", "trade_id": "ca780609-970e-7652-9365-c3fb0ed81b46", "yes_price": 29, "yes_price_dollars": "0.2900"}
{"count": 3, "count_fp": "3.00", "created_time": "2026-03-03T18:25:17.456396Z", "no_price": 71, "no_price_dollars": "0.7100", "price": 0.29, "taker_side": "yes", "ticker": "KXINX-26MAR03H1600-B6837", "trade_id": "27f8ceb1-d329-7185-7187-d107ec911a5b", "yes_price": 29, "yes_price_dollars": "0.2900"}
{"count": 1, "count_fp": "1.00", "created_time": "2026-03-03T18:23:29.981408Z", "no_price": 76, "no_price_dollars": "0.7600", "price": 0.24, "taker_side": "no", "ticker": "KXINX-26MAR03H1600-B6837", "trade_id": "36b67d20-0355-5653-ece7-f0582b7afa64", "yes_price": 24, "yes_price_dollars": "0.2400"}
{"count": 33, "count_fp": "33.00", "created_time": "2026-03-03T18:22:51.888836Z", "no_price": 71, "no_price_dollars": "0.7100", "price": 0.29, "taker_side": "yes", "ticker": "KXINX-26MAR03H1600-B6837", "trade_id": "6e1653c8-5c9d-6975-6072-bfee9e884f7f", "yes_price": 29, "yes_price_dollars": "0.2900"}
{"count": 8, "count_fp": "8.00", "created_time": "2026-03-03T18:08:18.869073Z", "no_price": 78, "no_price_dollars": "0.7800", "price": 0.22, "taker_side": "yes", "ticker": "KXINX-26MAR03H1600-B6837", "trade_id": "b7c4086a-09ed-6139-fb8f-ba379e3fcadb", "yes_price": 22, "yes_price_dollars": "0.2200"}
{"count": 60, "count_fp": "60.00", "created_time": "2026-03-03T18:04:38.929175Z", "no_price": 81, "no_price_dollars": "0.8100", "price": 0.19, "taker_side": "yes", "ticker": "KXINX-26MAR03H1600-B6837", "trade_id": "be329bd4-fee4-6006-fdd0-bfd4e33ff552", "yes_price": 19, "yes_price_dollars": "0.1900"}
{"count": 49, "count_fp": "49.00", "created_time": "2026-03-03T18:04:38.929175Z", "no_price": 60, "no_price_dollars": "0.6000", "price": 0.4, "taker_side": "yes", "ticker": "KXINX-26MAR03H1600-B6837", "trade_id": "9ded9370-8eaf-6ec3-dd49-5d87baa75560", "yes_price": 40, "yes_price_dollars": "0.4000"}
{"count": 117, "count_fp": "117.00", "created_time": "2026-03-03T18:04:38.929175Z", "no_price": 67, "no_price_dollars": "0.6700", "price": 0.33, "taker_side": "yes", "ticker": "KXINX-26MAR03H1600-B6837", "trade_id": "94728b5e-c5f3-6fb8-cead-3ff521680f03", "yes_price": 33, "yes_price_dollars": "0.3300"}
{"count": 12, "count_fp": "12.00", "created_time": "2026-03-03T18:04:38.929175Z", "no_price": 63, "no_price_dollars": "0.6300", "price": 0.37, "taker_side": "yes", "ticker": "KXINX-26MAR03H1600-B6837", "trade_id": "67db50d4-01af-670d-fce2-642caff9b590", "yes_price": 37, "yes_price_dollars": "0.3700"}
{"count": 20, "count_fp": "20.00", "created_time": "2026-03-03T18:04:38.929175Z", "no_price": 76, "no_price_dollars": "0.7600", "price": 0.24, "taker_side": "yes", "ticker": "KXINX-26MAR03H1600-B6837", "trade_id": "63d3b7cd-6028-6200-c717-56181f67848b", "yes_price": 24, "yes_price_dollars": "0.2400"}
{"count": 36, "count_fp": "36.00", "created_time": "2026-03-03T18:04:38.929175Z", "no_price": 59, "no_price_dollars": "0.5900", "price": 0.41, "taker_side": "yes", "ticker": "KXINX-26MAR03H1600-B6837", "trade_id": "5dee6c8f-c98c-639c-fd49-95b2193fe6fb", "yes_price": 41, "yes_price_dollars": "0.4100"}
{"count": 12, "count_fp": "12.00", "created_time": "2026-03-03T18:04:38.929175Z", "no_price": 69, "no_price_dollars": "0.6900", "price": 0.31, "taker_side": "yes", "ticker": "KXINX-26MAR03H1600-B6837", "trade_id": "2ddc8fb1-bcbd-6cd3-f6c0-eb13d8dcf984", "yes_price": 31, "yes_price_dollars": "0.3100"}
{"count": 60, "count_fp": "60.00", "created_time": "2026-03-03T18:04:03.562189Z", "no_price": 81, "no_price_dollars": "0.8100", "price": 0.19, "taker_side": "yes", "ticker": "KXINX-26MAR03H1600-B6837", "trade_id": "b403baab-025d-67da-9774-b737cba67520", "yes_price": 19, "yes_price_dollars": "0.1900"}
{"count": 451, "count_fp": "451.00", "created_time": "2026-03-03T18:04:03.562189Z", "no_price": 81, "no_price_dollars": "0.8100", "price": 0.19, "taker_side": "yes", "ticker": "KXINX-26MAR03H1600-B6837", "trade_id": "259dc29d-735f-6aaf-88aa-d25aa6e8dea2", "yes_price": 19, "yes_price_dollars": "0.1900"}
{"count": 60, "count_fp": "60.00", "created_time": "2026-03-03T17:53:39.543585Z", "no_price": 86, "no_price_dollars": "0.8600", "price": 0.14, "taker_side": "no", "ticker": "KXINX-26MAR03H1600-B6837", "trade_id": "1ee89fd2-1631-4edc-16ec-d02d7e185870", "yes_price": 14, "yes_price_dollars": "0.1400"}
{"count": 60, "count_fp": "60.00", "created_time": "2026-03-03T17:43:24.710956Z", "no_price": 86, "no_price_dollars": "0.8600", "price": 0.14, "taker_side": "yes", "ticker": "KXINX-26MAR03H1600-B6837", "trade_id": "f626be62-c58a-5dce-46fd-46199d84a675", "yes_price": 14, "yes_price_dollars": "0.1400"}
{"count": 2, "count_fp": "2.00", "created_time": "2026-03-03T16:46:50.254787Z", "no_price": 84, "no_price_dollars": "0.8400", "price": 0.16, "taker_side": "yes", "ticker": "KXINX-26MAR03H1600-B6837", "trade_id": "5da66077-5b86-6e31-f587-290097fe55a8", "yes_price": 16, "yes_price_dollars": "0.1600"}
{"count": 60, "count_fp": "60.00", "created_time": "2026-03-03T16:18:23.148757Z", "no_price": 92, "no_price_dollars": "0.9200", "price": 0.08, "taker_side": "yes", "ticker": "KXINX-26MAR03H1600-B6837", "trade_id": "b3c0095c-5d8c-4162-799a-567c3610d964", "yes_price": 8, "yes_price_dollars": "0.0800"}
{"count": 2, "count_fp": "2.00", "created_time": "2026-03-03T14:44:34.418706Z", "no_price": 90, "no_price_dollars": "0.9000", "price": 0.1, "taker_side": "no", "ticker": "KXINX-26MAR03H1600-B6837", "trade_id": "f2bab9ca-2c7c-46d1-1334-8662ad375afc", "yes_price": 10, "yes_price_dollars": "0.1000"}
{"count": 60, "count_fp": "60.00", "created_time": "2026-03-03T13:05:48.895177Z", "no_price": 85, "no_price_dollars": "0.8500", "price": 0.15, "taker_side": "yes", "ticker": "KXINX-26MAR03H1600-B6837", "trade_id": "5c1844bb-23bc-5638-de01-4798d14b5ccb", "yes_price": 15, "yes_price_dollars": "0.1500"}
{"count": 6, "count_fp": "6.00", "created_time": "2026-03-03T12:14:25.315031Z", "no_price": 91, "no_price_dollars": "0.9100", "price": 0.09, "taker_side": "no", "ticker": "KXINX-26MAR03H1600-B6837", "trade_id": "677623bd-c522-59f2-517c-141d9284a60c", "yes_price": 9, "yes_price_dollars": "0.0900"}
{"count": 2, "count_fp": "2.00", "created_time": "2026-03-03T12:14:24.091527Z", "no_price": 91, "no_price_dollars": "0.9100", "price": 0.09, "taker_side": "no", "ticker": "KXINX-26MAR03H1600-B6837", "trade_id": "4a7bc686-a926-79b6-eee5-3ba47af98210", "yes_price": 9, "yes_price_dollars": "0.0900"}
{"count": 500, "count_fp": "500.00", "created_time": "2026-03-03T20:58:27.935584Z", "no_price": 1, "no_price_dollars": "0.0100", "price": 0.99, "taker_side": "yes", "ticker": "KXINX-26MAR03H1600-B6812", "trade_id": "93eece3f-3362-4c88-989c-270f08c70fa9", "yes_price": 99, "yes_price_dollars": "0.9900"}
{"count": 3, "count_fp": "3.00", "created_time": "2026-03-03T20:58:21.802117Z", "no_price": 2, "no_price_dollars": "0.0200", "price": 0.98, "taker_side": "yes", "ticker": "KXINX-26MAR03H1600-B6812", "trade_id": "ba2b73d6-c71d-59db-a556-ea966c9db696", "yes_price": 98, "yes_price_dollars": "0.9800"}
{"count": 50, "count_fp": "50.00", "created_time": "2026-03-03T20:55:21.337207Z", "no_price": 12, "no_price_dollars": "0.1200", "price": 0.88, "taker_side": "yes", "ticker": "KXINX-26MAR03H1600-B6812", "trade_id": "8fa939f4-3c56-5ba6-59cc-6d4e4d5d877a", "yes_price": 88, "yes_price_dollars": "0.8800"}
{"count": 40, "count_fp": "40.00", "created_time": "2026-03-03T20:55:15.036193Z", "no_price": 13, "no_price_dollars": "0.1300", "price": 0.87, "taker_side": "yes", "ticker": "KXINX-26MAR03H1600-B6812", "trade_id": "32ccc3c6-4225-6224-aa28-43a27e58127a", "yes_price": 87, "yes_price_dollars": "0.8700"}
{"count": 4, "count_fp": "4.00", "created_time": "2026-03-03T20:55:15.036193Z", "no_price": 13, "no_price_dollars": "0.1300", "price": 0.87, "taker_side": "yes", "ticker": "KXINX-26MAR03H1600-B6812", "trade_id": "0917d5fe-e707-6cf0-8e39-f1cebf7c6e06", "yes_price": 87, "yes_price_dollars": "0.8700"}
{"count": 50, "count_fp": "50.00", "created_time": "2026-03-03T20:49:20.036104Z", "no_price": 30, "no_price_dollars": "0.3000", "price": 0.7, "taker_side": "no", "ticker": "KXINX-26MAR03H1600-B6812", "trade_id": "7a4f5f14-18bb-7228-027c-29c315d5c5a3", "yes_price": 70, "yes_price_dollars": "0.7000"}
{"count": 22, "count_fp": "22.00", "created_time": "2026-03-03T20:48:34.865501Z", "no_price": 30, "no_price_dollars": "0.3000", "price": 0.7, "taker_side": "no", "ticker": "KXINX-26MAR03H1600-B6812", "trade_id": "5fa38148-1b1e-580e-a6db-96d6f9e5bef5", "yes_price": 70, "yes_price_dollars": "0.7000"}
{"count": 5, "count_fp": "5.00", "created_time": "2026-03-03T20:47:41.454166Z", "no_price": 30, "no_price_dollars": "0.3000", "price": 0.7, "taker_side": "no", "ticker": "KXINX-26MAR03H1600-B6812", "trade_id": "b632f3df-57b6-4b7d-f24f-f56c4a61e62c", "yes_price": 70, "yes_price_dollars": "0.7000"}
{"count": 25, "count_fp": "25.00", "created_time": "2026-03-03T20:45:53.228013Z", "no_price": 20, "no_price_dollars": "0.2000", "price": 0.8, "taker_side": "no", "ticker": "KXINX-26MAR03H1600-B6812", "trade_id": "68c971b3-1e13-6705-293b-39cebe4b7f48", "yes_price": 80, "yes_price_dollars": "0.8000"}
{"count": 5, "count_fp": "5.00", "created_time": "2026-03-03T20:45:53.226542Z", "no_price": 20, "no_price_dollars": "0.2000", "price": 0.8, "taker_side": "no", "ticker": "KXINX-26MAR03H1600-B6812", "trade_id": "0f859312-fe6b-5619-058e-b118fa9a2238", "yes_price": 80, "yes_price_dollars": "0.8000"}
{"count": 21, "count_fp": "21.00", "created_time": "2026-03-03T20:10:10.785486Z", "no_price": 15, "no_price_dollars": "0.1500", "price": 0.85, "taker_side": "yes", "ticker": "KXINX-26MAR03H1600-B6812", "trade_id": "ef35b107-45e4-5972-1f45-2c0427f2d356", "yes_price": 85, "yes_price_dollars": "0.8500"}
{"count": 2, "count_fp": "2.00", "created_time": "2026-03-03T20:10:10.785486Z", "no_price": 15, "no_price_dollars": "0.1500", "price": 0.85, "taker_side": "yes", "ticker": "KXINX-26MAR03H1600-B6812", "trade_id": "3bf869e9-a981-5aab-3c1c-c6ccabe33361", "yes_price": 85, "yes_price_dollars": "0.8500"}
{"count": 2, "count_fp": "2.00", "created_time": "2026-03-03T20:09:48.697917Z", "no_price": 15, "no_price_dollars": "0.1500", "price": 0.85, "taker_side": "no", "ticker": "KXINX-26MAR03H1600-B6812", "trade_id": "162fb108-443f-7cee-66a8-360b3156fa4c", "yes_price": 85, "yes_price_dollars": "0.8500"}
{"count": 56, "count_fp": "56.00", "created_time": "2026-03-03T20:09:48.665746Z", "no_price": 15, "no_price_dollars": "0.1500", "price": 0.85, "taker_side": "yes", "ticker": "KXINX-26MAR03H1600-B6812", "trade_id": "defe6f62-f505-4715-f776-10e9add499d3", "yes_price": 85, "yes_price_dollars": "0.8500"}
{"count": 7, "count_fp": "7.00", "created_time": "2026-03-03T20:05:35.392525Z", "no_price": 28, "no_price_dollars": "0.2800", "price": 0.72, "taker_side": "no", "ticker": "KXINX-26MAR03H1600-B6812", "trade_id": "f424f87f-bde6-4cdc-fbf3-e5595064cacd", "yes_price": 72, "yes_price_dollars": "0.7200"}
{"count": 20, "count_fp": "20.00", "created_time": "2026-03-03T20:05:35.360519Z", "no_price": 28, "no_price_dollars": "0.2800", "price": 0.72, "taker_side": "yes", "ticker": "KXINX-26MAR03H1600-B6812", "trade_id": "a13575bf-57ed-7c25-8836-40cdd06cc80f", "yes_price": 72, "yes_price_dollars": "0.7200"}
{"count": 7, "count_fp": "7.00", "created_time": "2026-03-03T19:53:33.437028Z", "no_price": 40, "no_price_dollars": "0.4000", "price": 0.6, "taker_side": "yes", "ticker": "KXINX-26MAR03H1600-B6812", "trade_id": "d7be07ad-52fb-570f-76c3-8d825ca29a4c", "yes_price": 60, "yes_price_dollars": "0.6000"}
{"count": 3, "count_fp": "3.00", "created_time": "2026-03-03T19:53:33.437028Z", "no_price": 40, "no_price_dollars": "0.4000", "price": 0.6, "taker_side": "yes", "ticker": "KXINX-26MAR03H1600-B6812", "trade_id": "ca679f7d-efa0-524d-635e-a500a81ff692", "yes_price": 60, "yes_price_dollars": "0.6000"}
{"count": 33, "count_fp": "33.00", "created_time": "2026-03-03T19:52:50.941888Z", "no_price": 40, "no_price_dollars": "0.4000", "price": 0.6, "taker_side": "yes", "ticker": "KXINX-26MAR03H1600-B6812", "trade_id": "d00f9b8a-470b-52b3-b584-2a8975ebf4e4", "yes_price": 60, "yes_price_dollars": "0.6000"}
{"count": 1, "count_fp": "1.00", "created_time": "2026-03-03T19:49:15.093662Z", "no_price": 92, "no_price_dollars": "0.9200", "price": 0.08, "taker_side": "no", "ticker": "KXINX-26MAR03H1600-B6812", "trade_id": "73a68e25-ab07-7070-c168-d343856b4efc", "yes_price": 8, "yes_price_dollars": "0.0800"}
{"count": 2, "count_fp": "2.00", "created_time": "2026-03-03T19:41:29.873293Z", "no_price": 91, "no_price_dollars": "0.9100", "price": 0.09, "taker_side": "yes", "ticker": "KXINX-26MAR03H1600-B6812", "trade_id": "d65870e7-c0fa-50f3-d0a6-473408ba2005", "yes_price": 9, "yes_price_dollars": "0.0900"}
{"count": 2, "count_fp": "2.00", "created_time": "2026-03-03T19:38:49.693232Z", "no_price": 93, "no_price_dollars": "0.9300", "price": 0.07, "taker_side": "yes", "ticker": "KXINX-26MAR03H1600-B6812", "trade_id": "dfe7c062-151c-496c-417d-d6d05daa12b8", "yes_price": 7, "yes_price_dollars": "0.0700"}
{"count": 3, "count_fp": "3.00", "created_time": "2026-03-03T19:36:38.581448Z", "no_price": 47, "no_price_dollars": "0.4700", "price": 0.53, "taker_side": "yes", "ticker": "KXINX-26MAR03H1600-B6812", "trade_id": "c9f98c42-f823-44d4-4c2a-0c854efd6e9b", "yes_price": 53, "yes_price_dollars": "0.5300"}
{"count": 12, "count_fp": "12.00", "created_time": "2026-03-03T19:36:38.581448Z", "no_price": 19, "no_price_dollars": "0.1900", "price": 0.81, "taker_side": "yes", "ticker": "KXINX-26MAR03H1600-B6812", "trade_id": "b6ba89de-e9b2-4970-6fd7-8cb65518f3fc", "yes_price": 81, "yes_price_dollars": "0.8100"}
{"count": 4, "count_fp": "4.00", "created_time": "2026-03-03T19:36:38.581448Z", "no_price": 47, "no_price_dollars": "0.4700", "price": 0.53, "taker_side": "yes", "ticker": "KXINX-26MAR03H1600-B6812", "trade_id": "9a68ef04-f0f3-42db-6eea-f4b775bd1211", "yes_price": 53, "yes_price_dollars": "0.5300"}
{"count": 30, "count_fp": "30.00", "created_time": "2026-03-03T19:36:38.581448Z", "no_price": 13, "no_price_dollars": "0.1300", "price": 0.87, "taker_side": "yes", "ticker": "KXINX-26MAR03H1600-B6812", "trade_id": "71084bcf-2b59-4a44-5949-40632cda0cbb", "yes_price": 87, "yes_price_dollars": "0.8700"}
{"count": 2, "count_fp": "2.00", "created_time": "2026-03-03T19:36:31.095319Z", "no_price": 96, "no_price_dollars": "0.9600", "price": 0.04, "taker_side": "yes", "ticker": "KXINX-26MAR03H1600-B6812", "trade_id": "3c39f7e0-c6a3-43dd-f494-57a48fa78b1d", "yes_price": 4, "yes_price_dollars": "0.0400"}
{"count": 2, "count_fp": "2.00", "created_time": "2026-03-03T19:34:25.29621Z", "no_price": 96, "no_price_dollars": "0.9600", "price": 0.04, "taker_side": "yes", "ticker": "KXINX-26MAR03H1600-B6812", "trade_id": "88861ec6-cac2-5dff-6bf3-c0efbcfdc3fe", "yes_price": 4, "yes_price_dollars": "0.0400"}
{"count": 8, "count_fp": "8.00", "created_time": "2026-03-03T19:33:25.420949Z", "no_price": 47, "no_price_dollars": "0.4700", "price": 0.53, "taker_side": "yes", "ticker": "KXINX-26MAR03H1600-B6812", "trade_id": "0cc886a5-5887-5073-d640-43133f430e39", "yes_price": 53, "yes_price_dollars": "0.5300"}
{"count": 2, "count_fp": "2.00", "created_time": "2026-03-03T19:32:19.553279Z", "no_price": 96, "no_price_dollars": "0.9600", "price": 0.04, "taker_side": "yes", "ticker": "KXINX-26MAR03H1600-B6812", "trade_id": "74a4c6ec-bd3f-410d-aded-baf49a166aea", "yes_price": 4, "yes_price_dollars": "0.0400"}
{"count": 2, "count_fp": "2.00", "created_time": "2026-03-03T19:30:12.95416Z", "no_price": 96, "no_price_dollars": "0.9600", "price": 0.04, "taker_side": "yes", "ticker": "KXINX-26MAR03H1600-B6812", "trade_id": "068e3ba7-f95b-638e-3c65-ddf2bcf79fb3", "yes_price": 4, "yes_price_dollars": "0.0400"}
{"count": 8, "count_fp": "8.00", "created_time": "2026-03-03T19:28:40.271313Z", "no_price": 55, "no_price_dollars": "0.5500", "price": 0.45, "taker_side": "no", "ticker": "KXINX-26MAR03H1600-B6812", "trade_id": "ba8e1887-aa1e-6176-40a2-15a30bb867a9", "yes_price": 45, "yes_price_dollars": "0.4500"}
{"count": 1, "count_fp": "1.00", "created_time": "2026-03-03T19:28:40.229279Z", "no_price": 55, "no_price_dollars": "0.5500", "price": 0.45, "taker_side": "yes", "ticker": "KXINX-26MAR03H1600-B6812", "trade_id": "1bb55863-25a5-671f-0fd6-e1ec2d42cfc3", "yes_price": 45, "yes_price_dollars": "0.4500"}
{"count": 11, "count_fp": "11.00", "created_time": "2026-03-03T19:28:22.006415Z", "no_price": 55, "no_price_dollars": "0.5500", "price": 0.45, "taker_side": "yes", "ticker": "KXINX-26MAR03H1600-B6812", "trade_id": "4070bc2c-e0fd-5237-8231-9566e9a930f7", "yes_price": 45, "yes_price_dollars": "0.4500"}
{"count": 12, "count_fp": "12.00", "created_time": "2026-03-03T19:28:22.006415Z", "no_price": 63, "no_price_dollars": "0.6300", "price": 0.37, "taker_side": "yes", "ticker": "KXINX-26MAR03H1600-B6812", "trade_id": "12d0c528-f5ef-5c96-91a6-50097ae85c7b", "yes_price": 37, "yes_price_dollars": "0.3700"}
{"count": 980, "count_fp": "980.00", "created_time": "2026-03-03T19:11:28.877769Z", "no_price": 68, "no_price_dollars": "0.6800", "price": 0.32, "taker_side": "yes", "ticker": "KXINX-26MAR03H1600-B6812", "trade_id": "a0b7e145-36ff-6bdf-36a7-c215c5d64ded", "yes_price": 32, "yes_price_dollars": "0.3200"}
{"count": 89, "count_fp": "89.00", "created_time": "2026-03-03T19:00:36.716491Z", "no_price": 69, "no_price_dollars": "0.6900", "price": 0.31, "taker_side": "yes", "ticker": "KXINX-26MAR03H1600-B6812", "trade_id": "bc09fa74-43ea-6869-b1a1-0684c7892788", "yes_price": 31, "yes_price_dollars": "0.3100"}
{"count": 5, "count_fp": "5.00", "created_time": "2026-03-03T19:00:31.880348Z", "no_price": 74, "no_price_dollars": "0.7400", "price": 0.26, "taker_side": "no", "ticker": "KXINX-26MAR03H1600-B6812", "trade_id": "eb1c4fcb-b90d-78e4-ec0c-223a17bfa41e", "yes_price": 26, "yes_price_dollars": "0.2600"}
{"count": 25, "count_fp": "25.00", "created_time": "2026-03-03T18:56:56.864067Z", "no_price": 74, "no_price_dollars": "0.7400", "price": 0.26, "taker_side": "no", "ticker": "KXINX-26MAR03H1600-B6812", "trade_id": "fd1f7e9c-a0bd-7e34-8897-3c7d93c63b9e", "yes_price": 26, "yes_price_dollars": "0.2600"}
{"count": 52, "count_fp": "52.00", "created_time": "2026-03-03T18:52:54.274168Z", "no_price": 72, "no_price_dollars": "0.7200", "price": 0.28, "taker_side": "yes", "ticker": "KXINX-26MAR03H1600-B6812", "trade_id": "f6df2895-a2ba-4589-64a1-45a5624dc65c", "yes_price": 28, "yes_price_dollars": "0.2800"}
{"count": 17, "count_fp": "17.00", "created_time": "2026-03-03T18:43:07.166927Z", "no_price": 73, "no_price_dollars": "0.7300", "price": 0.27, "taker_side": "yes", "ticker": "KXINX-26MAR03H1600-B6812", "trade_id": "77691108-b452-6fdd-b818-27bbd82f313c", "yes_price": 27, "yes_price_dollars": "0.2700"}
{"count": 15, "count_fp": "15.00", "created_time": "2026-03-03T18:37:43.607606Z", "no_price": 70, "no_price_dollars": "0.7000", "price": 0.3, "taker_side": "no", "ticker": "KXINX-26MAR03H1600-B6812", "trade_id": "46409053-2e6e-732a-7d36-eccdd43c3f01", "yes_price": 30, "yes_price_dollars": "0.3000"}
{"count": 148, "count_fp": "148.00", "created_time": "2026-03-03T18:36:28.301618Z", "no_price": 67, "no_price_dollars": "0.6700", "price": 0.33, "taker_side": "yes", "ticker": "KXINX-26MAR03H1600-B6812", "trade_id": "380b1622-c9ca-4a05-4c08-aa3c27702df0", "yes_price": 33, "yes_price_dollars": "0.3300"}
{"count": 2, "count_fp": "2.00", "created_time": "2026-03-03T18:32:14.419363Z", "no_price": 69, "no_price_dollars": "0.6900", "price": 0.31, "taker_side": "no", "ticker": "KXINX-26MAR03H1600-B6812", "trade_id": "18f68b6c-996a-7fe8-7603-169e8e849353", "yes_price": 31, "yes_price_dollars": "0.3100"}
{"count": 2, "count_fp": "2.00", "created_time": "2026-03-03T18:25:07.662188Z", "no_price": 67, "no_price_dollars": "0.6700", "price": 0.33, "taker_side": "yes", "ticker": "KXINX-26MAR03H1600-B6812", "trade_id": "1a136da5-b3ce-6563-c8b0-fca7e9deffd1", "yes_price": 33, "yes_price_dollars": "0.3300"}
{"count": 120, "count_fp": "120.00", "created_time": "2026-03-03T18:23:57.915192Z", "no_price": 68, "no_price_dollars": "0.6800", "price": 0.32, "taker_side": "no", "ticker": "KXINX-26MAR03H1600-B6812", "trade_id": "e2632abd-2d06-6324-e063-4f509b70199e", "yes_price": 32, "yes_price_dollars": "0.3200"}
{"count": 32, "count_fp": "32.00", "created_time": "2026-03-03T18:18:44.817839Z", "no_price": 68, "no_price_dollars": "0.6800", "price": 0.32, "taker_side": "yes", "ticker": "KXINX-26MAR03H1600-B6812", "trade_id": "ca9b43e7-e1d7-7936-0d07-5d4d4cdd84c9", "yes_price": 32, "yes_price_dollars": "0.3200"}
{"count": 76, "count_fp": "76.00", "created_time": "2026-03-03T18:17:49.102218Z", "no_price": 68, "no_price_dollars": "0.6800", "price": 0.32, "taker_side": "yes", "ticker": "KXINX-26MAR03H1600-B6812", "trade_id": "aef468f3-8813-6a0e-706c-c54c3312a681", "yes_price": 32, "yes_price_dollars": "0.3200"}
{"count": 9, "count_fp": "9.00", "created_time": "2026-03-03T18:11:00.716593Z", "no_price": 68, "no_price_dollars": "0.6800", "price": 0.32, "taker_side": "yes", "ticker": "KXINX-26MAR03H1600-B6812", "trade_id": "ab998b1f-9bbb-5532-5fb3-20d658bc24e5", "yes_price": 32, "yes_price_dollars": "0.3200"}
{"count": 12, "count_fp": "12.00", "created_time": "2026-03-03T18:11:00.716593Z", "no_price": 69, "no_price_dollars": "0.6900", "price": 0.31, "taker_side": "yes", "ticker": "KXINX-26MAR03H1600-B6812", "trade_id": "4720cea8-79b2-5017-5de7-420d17200e4b", "yes_price": 31, "yes_price_dollars": "0.3100"}
{"count": 1, "count_fp": "1.00", "created_time": "2026-03-03T18:01:32.199488Z", "no_price": 70, "no_price_dollars": "0.7000", "price": 0.3, "taker_side": "yes", "ticker": "KXINX-26MAR03H1600-B6812", "trade_id": "c939d2c2-9cae-6fab-d4b2-fc2c690c83e9", "yes_price": 30, "yes_price_dollars": "0.3000"}
{"count": 1, "count_fp": "1.00", "created_time": "2026-03-03T18:01:32.199488Z", "no_price": 70, "no_price_dollars": "0.7000", "price": 0.3, "taker_side": "yes", "ticker": "KXINX-26MAR03H1600-B6812", "trade_id": "920d0fed-be08-6c7e-d400-ce3a4561040f", "yes_price": 30, "yes_price_dollars": "0.3000"}
{"count": 1, "count_fp": "1.00", "created_time": "2026-03-03T18:01:32.199488Z", "no_price": 70, "no_price_dollars": "0.7000", "price": 0.3, "taker_side": "yes", "ticker": "KXINX-26MAR03H1600-B6812", "trade_id": "2560e917-c6c1-6ba9-f4a2-3e026a027bfb", "yes_price": 30, "yes_price_dollars": "0.3000"}
{"count": 25, "count_fp": "25.00", "created_time": "2026-03-03T17:57:29.270361Z", "no_price": 77, "no_price_dollars": "0.7700", "price": 0.23, "taker_side": "no", "ticker": "KXINX-26MAR03H1600-B6812", "trade_id": "41eb8b4e-02cc-63b2-c191-c39e1fdfceba", "yes_price": 23, "yes_price_dollars": "0.2300"}
{"count": 60, "count_fp": "60.00", "created_time": "2026-03-03T17:53:43.805389Z", "no_price": 73, "no_price_dollars": "0.7300", "price": 0.27, "taker_side": "no", "ticker": "KXINX-26MAR03H1600-B6812", "trade_id": "6a24c769-fe11-4cfc-3e8c-cc743d19523a", "yes_price": 27, "yes_price_dollars": "0.2700"}
{"count": 1, "count_fp": "1.00", "created_time": "2026-03-03T17:52:38.963541Z", "no_price": 73, "no_price_dollars": "0.7300", "price": 0.27, "taker_side": "no", "ticker": "KXINX-26MAR03H1600-B6812", "trade_id": "5180282d-7dad-42eb-5320-47aaa6aa3700", "yes_price": 27, "yes_price_dollars": "0.2700"}
{"count": 20, "count_fp": "20.00", "created_time": "2026-03-03T17:43:15.100536Z", "no_price": 76, "no_price_dollars": "0.7600", "price": 0.24, "taker_side": "no", "ticker": "KXINX-26MAR03H1600-B6812", "trade_id": "3065dfd4-171f-45e7-66ce-73868a8cb6b9", "yes_price": 24, "yes_price_dollars": "0.2400"}
{"count": 20, "count_fp": "20.00", "created_time": "2026-03-03T17:42:07.767902Z", "no_price": 73, "no_price_dollars": "0.7300", "price": 0.27, "taker_side": "yes", "ticker": "KXINX-26MAR03H1600-B6812", "trade_id": "4f4c45a8-a911-54ad-e364-cea671d05240", "yes_price": 27, "yes_price_dollars": "0.2700"}
{"count": 1, "count_fp": "1.00", "created_time": "2026-03-03T17:36:14.176832Z", "no_price": 77, "no_price_dollars": "0.7700", "price": 0.23, "taker_side": "yes", "ticker": "KXINX-26MAR03H1600-B6812", "trade_id": "f6736cd7-9180-7c7d-eebf-1835f588a6f5", "yes_price": 23, "yes_price_dollars": "0.2300"}
{"count": 6, "count_fp": "6.00", "created_time": "2026-03-03T17:23:03.814499Z", "no_price": 76, "no_price_dollars": "0.7600", "price": 0.24, "taker_side": "no", "ticker": "KXINX-26MAR03H1600-B6812", "trade_id": "647ab748-7c58-5e99-9b58-5b14fabd3eb3", "yes_price": 24, "yes_price_dollars": "0.2400"}
{"count": 25, "count_fp": "25.00", "created_time": "2026-03-03T16:21:22.825658Z", "no_price": 81, "no_price_dollars": "0.8100", "price": 0.19, "taker_side": "yes", "ticker": "KXINX-26MAR03H1600-B6812", "trade_id": "306b64f6-cf35-69cd-be38-b4dc5c2a987c", "yes_price": 19, "yes_price_dollars": "0.1900"}
{"count": 25, "count_fp": "25.00", "created_time": "2026-03-03T16:19:44.843898Z", "no_price": 81, "no_price_dollars": "0.8100", "price": 0.19, "taker_side": "yes", "ticker": "KXINX-26MAR03H1600-B6812", "trade_id": "7281a11e-9565-6d53-2365-4e4ae8963b3a", "yes_price": 19, "yes_price_dollars": "0.1900"}
{"count": 1, "count_fp": "1.00", "created_time": "2026-03-03T15:33:11.294092Z", "no_price": 92, "no_price_dollars": "0.9200", "price": 0.08, "taker_side": "yes", "ticker": "KXINX-26MAR03H1600-B6812", "trade_id": "7f3866a3-2744-5734-ad6e-0241b17158c2", "yes_price": 8, "yes_price_dollars": "0.0800"}
{"count": 60, "count_fp": "60.00", "created_time": "2026-03-03T13:39:16.503717Z", "no_price": 84, "no_price_dollars": "0.8400", "price": 0.16, "taker_side": "yes", "ticker": "KXINX-26MAR03H1600-B6812", "trade_id": "04d66574-74b0-42b9-d1b1-eaccd6b9f01c", "yes_price": 16, "yes_price_dollars": "0.1600"}
{"count": 11, "count_fp": "11.00", "created_time": "2026-03-03T10:18:24.764374Z", "no_price": 83, "no_price_dollars": "0.8300", "price": 0.17, "taker_side": "yes", "ticker": "KXINX-26MAR03H1600-B6812", "trade_id": "b254b952-54ba-60f0-bb74-1a5ba9c65293", "yes_price": 17, "yes_price_dollars": "0.1700"}
{"count": 5, "count_fp": "5.00", "created_time": "2026-03-03T20:53:53.109875Z", "no_price": 85, "no_price_dollars": "0.8500", "price": 0.15, "taker_side": "no", "ticker": "KXINX-26MAR03H1600-B6787", "trade_id": "d67e5d18-0169-7b5e-a2a1-18da36823ccb", "yes_price": 15, "yes_price_dollars": "0.1500"}
{"count": 2, "count_fp": "2.00", "created_time": "2026-03-03T20:51:57.630859Z", "no_price": 76, "no_price_dollars": "0.7600", "price": 0.24, "taker_side": "yes", "ticker": "KXINX-26MAR03H1600-B6787", "trade_id": "0f3db6da-d1c4-71bd-145d-c4d2977623c5", "yes_price": 24, "yes_price_dollars": "0.2400"}
{"count": 5, "count_fp": "5.00", "created_time": "2026-03-03T20:45:53.226434Z", "no_price": 99, "no_price_dollars": "0.9900", "price": 0.01, "taker_side": "no", "ticker": "KXINX-26MAR03H1600-B6787", "trade_id": "02649325-b2e6-41ef-a5d5-6f6db382ffb7", "yes_price": 1, "yes_price_dollars": "0.0100"}
{"count": 2, "count_fp": "2.00", "created_time": "2026-03-03T20:28:47.569195Z", "no_price": 90, "no_price_dollars": "0.9000", "price": 0.1, "taker_side": "no", "ticker": "KXINX-26MAR03H1600-B6787", "trade_id": "64f6a7c6-f1fa-4868-3939-aa6253e912d2", "yes_price": 10, "yes_price_dollars": "0.1000"}
{"count": 30, "count_fp": "30.00", "created_time": "2026-03-03T20:14:32.051045Z", "no_price": 93, "no_price_dollars": "0.9300", "price": 0.07, "taker_side": "yes", "ticker": "KXINX-26MAR03H1600-B6787", "trade_id": "35e3955b-ee14-5e60-1c23-fffd8e0c6cb1", "yes_price": 7, "yes_price_dollars": "0.0700"}
{"count": 20, "count_fp": "20.00", "created_time": "2026-03-03T20:13:55.567263Z", "no_price": 95, "no_price_dollars": "0.9500", "price": 0.05, "taker_side": "yes", "ticker": "KXINX-26MAR03H1600-B6787", "trade_id": "b77d8bc1-6225-6e7f-60bd-db69a059f613", "yes_price": 5, "yes_price_dollars": "0.0500"}
{"count": 17, "count_fp": "17.00", "created_time": "2026-03-03T20:13:55.567263Z", "no_price": 95, "no_price_dollars": "0.9500", "price": 0.05, "taker_side": "yes", "ticker": "KXINX-26MAR03H1600-B6787", "trade_id": "7d47549e-663d-6895-6834-30b83a72606c", "yes_price": 5, "yes_price_dollars": "0.0500"}
{"count": 6, "count_fp": "6.00", "created_time": "2026-03-03T20:12:12.311012Z", "no_price": 96, "no_price_dollars": "0.9600", "price": 0.04, "taker_side": "yes", "ticker": "KXINX-26MAR03H1600-B6787", "trade_id": "c6c53406-901a-6ef3-f919-e0f60cde48a8", "yes_price": 4, "yes_price_dollars": "0.0400"}
{"count": 3, "count_fp": "3.00", "created_time": "2026-03-03T20:11:07.762094Z", "no_price": 95, "no_price_dollars": "0.9500", "price": 0.05, "taker_side": "no", "ticker": "KXINX-26MAR03H1600-B6787", "trade_id": "8c9feb4a-eb24-55bf-5543-4400905323e5", "yes_price": 5, "yes_price_dollars": "0.0500"}
{"count": 2, "count_fp": "2.00", "created_time": "2026-03-03T20:09:48.703978Z", "no_price": 95, "no_price_dollars": "0.9500", "price": 0.05, "taker_side": "no", "ticker": "KXINX-26MAR03H1600-B6787", "trade_id": "71c59d8c-2068-6153-8873-eee9337b74d1", "yes_price": 5, "yes_price_dollars": "0.0500"}
{"count": 35, "count_fp": "35.00", "created_time": "2026-03-03T19:54:51.172554Z", "no_price": 85, "no_price_dollars": "0.8500", "price": 0.15, "taker_side": "no", "ticker": "KXINX-26MAR03H1600-B6787", "trade_id": "d893aa56-2687-43c9-20ae-a295fce470dd", "yes_price": 15, "yes_price_dollars": "0.1500"}
{"count": 2, "count_fp": "2.00", "created_time": "2026-03-03T19:54:47.90743Z", "no_price": 87, "no_price_dollars": "0.8700", "price": 0.13, "taker_side": "no", "ticker": "KXINX-26MAR03H1600-B6787", "trade_id": "4863e009-9cdc-6e07-aa40-062d3fcedd6c", "yes_price": 13, "yes_price_dollars": "0.1300"}
{"count": 2, "count_fp": "2.00", "created_time": "2026-03-03T19:54:46.68755Z", "no_price": 87, "no_price_dollars": "0.8700", "price": 0.13, "taker_side": "no", "ticker": "KXINX-26MAR03H1600-B6787", "trade_id": "c5a0963a-2d98-50f2-d1b9-478abd1f3def", "yes_price": 13, "yes_price_dollars": "0.1300"}
{"count": 2, "count_fp": "2.00", "created_time": "2026-03-03T19:54:45.276229Z", "no_price": 87, "no_price_dollars": "0.8700", "price": 0.13, "taker_side": "no", "ticker": "KXINX-26MAR03H1600-B6787", "trade_id": "afc74ea5-e212-57bf-f32b-29711b62ee76", "yes_price": 13, "yes_price_dollars": "0.1300"}
{"count": 1, "count_fp": "1.00", "created_time": "2026-03-03T19:54:45.276229Z", "no_price": 87, "no_price_dollars": "0.8700", "price": 0.13, "taker_side": "no", "ticker": "KXINX-26MAR03H1600-B6787", "trade_id": "4d135b6b-7382-504d-daf1-688b651b0bd1", "yes_price": 13, "yes_price_dollars": "0.1300"}
{"count": 4, "count_fp": "4.00", "created_time": "2026-03-03T19:25:12.740907Z", "no_price": 98, "no_price_dollars": "0.9800", "price": 0.02, "taker_side": "no", "ticker": "KXINX-26MAR03H1600-B6787", "trade_id": "98198fb0-69f5-4a9b-1ea2-f8806e393a61", "yes_price": 2, "yes_price_dollars": "0.0200"}
{"count": 2, "count_fp": "2.00", "created_time": "2026-03-03T19:25:12.740907Z", "no_price": 97, "no_price_dollars": "0.9700", "price": 0.03, "taker_side": "no", "ticker": "KXINX-26MAR03H1600-B6787", "trade_id": "7b97d31c-2153-4691-3585-814193e3d62f", "yes_price": 3, "yes_price_dollars": "0.0300"}
{"count": 2, "count_fp": "2.00", "created_time": "2026-03-03T19:25:12.740907Z", "no_price": 97, "no_price_dollars": "0.9700", "price": 0.03, "taker_side": "no", "ticker": "KXINX-26MAR03H1600-B6787", "trade_id": "7075eef6-b687-4135-00e8-ea8239cdd1ee", "yes_price": 3, "yes_price_dollars": "0.0300"}
{"count": 1, "count_fp": "1.00", "created_time": "2026-03-03T19:25:12.740907Z", "no_price": 98, "no_price_dollars": "0.9800", "price": 0.02, "taker_side": "no", "ticker": "KXINX-26MAR03H1600-B6787", "trade_id": "0cd47289-6a95-4c6a-15bd-5bf545532534", "yes_price": 2, "yes_price_dollars": "0.0200"}
{"count": 12, "count_fp": "12.00", "created_time": "2026-03-03T19:21:52.55397Z", "no_price": 47, "no_price_dollars": "0.4700", "price": 0.53, "taker_side": "yes", "ticker": "KXINX-26MAR03H1600-B6787", "trade_id": "fcb983f0-73e2-4c36-caaf-bf054f433028", "yes_price": 53, "yes_price_dollars": "0.5300"}
{"count": 12, "count_fp": "12.00", "created_time": "2026-03-03T19:21:52.55397Z", "no_price": 63, "no_price_dollars": "0.6300", "price": 0.37, "taker_side": "yes", "ticker": "KXINX-26MAR03H1600-B6787", "trade_id": "fba40bdc-af37-4abc-fc81-394cafb5ff42", "yes_price": 37, "yes_price_dollars": "0.3700"}
{"count": 19, "count_fp": "19.00", "created_time": "2026-03-03T19:21:52.55397Z", "no_price": 72, "no_price_dollars": "0.7200", "price": 0.28, "taker_side": "yes", "ticker": "KXINX-26MAR03H1600-B6787", "trade_id": "d9e1de1e-ddd7-4fc8-fd8d-eae15b4fb54b", "yes_price": 28, "yes_price_dollars": "0.2800"}
{"count": 12, "count_fp": "12.00", "created_time": "2026-03-03T19:21:52.55397Z", "no_price": 55, "no_price_dollars": "0.5500", "price": 0.45, "taker_side": "yes", "ticker": "KXINX-26MAR03H1600-B6787", "trade_id": "ca3bc172-eac0-4029-ea8f-72ed19833800", "yes_price": 45, "yes_price_dollars": "0.4500"}
{"count": 2, "count_fp": "2.00", "created_time": "2026-03-03T19:21:52.55397Z", "no_price": 73, "no_price_dollars": "0.7300", "price": 0.27, "taker_side": "yes", "ticker": "KXINX-26MAR03H1600-B6787", "trade_id": "aee6de40-1c17-49bd-f065-a19e3a5a858c", "yes_price": 27, "yes_price_dollars": "0.2700"}
{"count": 15, "count_fp": "15.00", "created_time": "2026-03-03T19:21:52.55397Z", "no_price": 23, "no_price_dollars": "0.2300", "price": 0.77, "taker_side": "yes", "ticker": "KXINX-26MAR03H1600-B6787", "trade_id": "8cb937a5-714d-4954-e5b3-0f08d2923521", "yes_price": 77, "yes_price_dollars": "0.7700"}
{"count": 3, "count_fp": "3.00", "created_time": "2026-03-03T19:21:52.55397Z", "no_price": 73, "no_price_dollars": "0.7300", "price": 0.27, "taker_side": "yes", "ticker": "KXINX-26MAR03H1600-B6787", "trade_id": "6d6f20e3-b8d3-4bf0-ef58-d1df98805154", "yes_price": 27, "yes_price_dollars": "0.2700"}
{"count": 12, "count_fp": "12.00", "created_time": "2026-03-03T19:21:52.55397Z", "no_price": 69, "no_price_dollars": "0.6900", "price": 0.31, "taker_side": "yes", "ticker": "KXINX-26MAR03H1600-B6787", "trade_id": "376fcb13-b28b-46a3-f9dc-c8fbfe2b10f4", "yes_price": 31, "yes_price_dollars": "0.3100"}
{"count": 2, "count_fp": "2.00", "created_time": "2026-03-03T19:21:52.55397Z", "no_price": 74, "no_price_dollars": "0.7400", "price": 0.26, "taker_side": "yes", "ticker": "KXINX-26MAR03H1600-B6787", "trade_id": "08c995c5-f46c-46ab-e39b-7969aa33c090", "yes_price": 26, "yes_price_dollars": "0.2600"}
{"count": 34, "count_fp": "34.00", "created_time": "2026-03-03T18:52:30.442259Z", "no_price": 87, "no_price_dollars": "0.8700", "price": 0.13, "taker_side": "yes", "ticker": "KXINX-26MAR03H1600-B6787", "trade_id": "d00940e7-da00-582a-0487-c6b4707b064b", "yes_price": 13, "yes_price_dollars": "0.1300"}
{"count": 3, "count_fp": "3.00", "created_time": "2026-03-03T18:52:30.442259Z", "no_price": 88, "no_price_dollars": "0.8800", "price": 0.12, "taker_side": "yes", "ticker": "KXINX-26MAR03H1600-B6787", "trade_id": "7aecd335-3dd9-50af-1b0a-4ed5a84be6fa", "yes_price": 12, "yes_price_dollars": "0.1200"}
{"count": 4, "count_fp": "4.00", "created_time": "2026-03-03T18:51:16.352692Z", "no_price": 90, "no_price_dollars": "0.9000", "price": 0.1, "taker_side": "no", "ticker": "KXINX-26MAR03H1600-B6787", "trade_id": "ee07f013-4e60-5c48-86b2-f23283ed1daf", "yes_price": 10, "yes_price_dollars": "0.1000"}
{"count": 1, "count_fp": "1.00", "created_time": "2026-03-03T18:44:09.121583Z", "no_price": 89, "no_price_dollars": "0.8900", "price": 0.11, "taker_side": "yes", "ticker": "KXINX-26MAR03H1600-B6787", "trade_id": "7565db25-6e93-4573-56a9-432f34b6e7b1", "yes_price": 11, "yes_price_dollars": "0.1100"}
{"count": 6, "count_fp": "6.00", "created_time": "2026-03-03T18:43:26.985885Z", "no_price": 90, "no_price_dollars": "0.9000", "price": 0.1, "taker_side": "yes", "ticker": "KXINX-26MAR03H1600-B6787", "trade_id": "86610734-2818-4e60-73b4-3de231e32383", "yes_price": 10, "yes_price_dollars": "0.1000"}
{"count": 5, "count_fp": "5.00", "created_time": "2026-03-03T18:40:01.370135Z", "no_price": 89, "no_price_dollars": "0.8900", "price": 0.11, "taker_side": "no", "ticker": "KXINX-26MAR03H1600-B6787", "trade_id": "e18b37ea-7d6b-46ae-86e9-8809552dfe1e", "yes_price": 11, "yes_price_dollars": "0.1100"}
{"count": 1995, "count_fp": "1995.00", "created_time": "2026-03-03T18:39:04.951771Z", "no_price": 90, "no_price_dollars": "0.9000", "price": 0.1, "taker_side": "no", "ticker": "KXINX-26MAR03H1600-B6787", "trade_id": "e597533c-1f53-5a9f-f333-053ce84d0d99", "yes_price": 10, "yes_price_dollars": "0.1000"}
{"count": 5, "count_fp": "5.00", "created_time": "2026-03-03T18:39:04.951771Z", "no_price": 89, "no_price_dollars": "0.8900", "price": 0.11, "taker_side": "no", "ticker": "KXINX-26MAR03H1600-B6787", "trade_id": "34c61bdb-67ff-57f0-e4c7-d5288de24280", "yes_price": 11, "yes_price_dollars": "0.1100"}
{"count": 14, "count_fp": "14.00", "created_time": "2026-03-03T18:28:30.356887Z", "no_price": 84, "no_price_dollars": "0.8400", "price": 0.16, "taker_side": "no", "ticker": "KXINX-26MAR03H1600-B6787", "trade_id": "8a41c46f-4e80-7368-f24c-41dd87875a30", "yes_price": 16, "yes_price_dollars": "0.1600"}
{"count": 11, "count_fp": "11.00", "created_time": "2026-03-03T18:28:30.356887Z", "no_price": 83, "no_price_dollars": "0.8300", "price": 0.17, "taker_side": "no", "ticker": "KXINX-26MAR03H1600-B6787", "trade_id": "30d3d742-b68b-7b22-c90c-01abaffdd960", "yes_price": 17, "yes_price_dollars": "0.1700"}
{"count": 4, "count_fp": "4.00", "created_time": "2026-03-03T18:24:59.658214Z", "no_price": 77, "no_price_dollars": "0.7700", "price": 0.23, "taker_side": "yes", "ticker": "KXINX-26MAR03H1600-B6787", "trade_id": "8226ccf5-51ba-7ef0-beba-851c4c12b0bb", "yes_price": 23, "yes_price_dollars": "0.2300"}
{"count": 40, "count_fp": "40.00", "created_time": "2026-03-03T18:22:22.078549Z", "no_price": 81, "no_price_dollars": "0.8100", "price": 0.19, "taker_side": "no", "ticker": "KXINX-26MAR03H1600-B6787", "trade_id": "d4bf06ca-1f49-45f1-65c6-9271f7dcfc34", "yes_price": 19, "yes_price_dollars": "0.1900"}
{"count": 1, "count_fp": "1.00", "created_time": "2026-03-03T18:08:04.568031Z", "no_price": 76, "no_price_dollars": "0.7600", "price": 0.24, "taker_side": "no", "ticker": "KXINX-26MAR03H1600-B6787", "trade_id": "901e7b87-6ea5-74d6-0579-0d88d02839c5", "yes_price": 24, "yes_price_dollars": "0.2400"}
{"count": 344, "count_fp": "344.00", "created_time": "2026-03-03T18:07:31.633976Z", "no_price": 73, "no_price_dollars": "0.7300", "price": 0.27, "taker_side": "yes", "ticker": "KXINX-26MAR03H1600-B6787", "trade_id": "6c779a68-8c16-5b9c-035d-d7eff860c66f", "yes_price": 27, "yes_price_dollars": "0.2700"}
{"count": 62, "count_fp": "62.00", "created_time": "2026-03-03T18:05:14.77338Z", "no_price": 72, "no_price_dollars": "0.7200", "price": 0.28, "taker_side": "yes", "ticker": "KXINX-26MAR03H1600-B6787", "trade_id": "8b1d2d5d-df5b-5424-6a01-a76912ef573b", "yes_price": 28, "yes_price_dollars": "0.2800"}
{"count": 3, "count_fp": "3.00", "created_time": "2026-03-03T18:01:05.909488Z", "no_price": 72, "no_price_dollars": "0.7200", "price": 0.28, "taker_side": "yes", "ticker": "KXINX-26MAR03H1600-B6787", "trade_id": "3c025c47-57e3-6528-5905-48d95cb6a723", "yes_price": 28, "yes_price_dollars": "0.2800"}
{"count": 5, "count_fp": "5.00", "created_time": "2026-03-03T17:38:28.521296Z", "no_price": 72, "no_price_dollars": "0.7200", "price": 0.28, "taker_side": "yes", "ticker": "KXINX-26MAR03H1600-B6787", "trade_id": "e486f13c-c1e7-6f78-99a5-65122990edcb", "yes_price": 28, "yes_price_dollars": "0.2800"}
{"count": 28, "count_fp": "28.00", "created_time": "2026-03-03T17:38:19.169264Z", "no_price": 72, "no_price_dollars": "0.7200", "price": 0.28, "taker_side": "yes", "ticker": "KXINX-26MAR03H1600-B6787", "trade_id": "b294b5e6-accf-7fd4-0f21-640d42141263", "yes_price": 28, "yes_price_dollars": "0.2800"}
{"count": 25, "count_fp": "25.00", "created_time": "2026-03-03T17:37:32.241157Z", "no_price": 78, "no_price_dollars": "0.7800", "price": 0.22, "taker_side": "no", "ticker": "KXINX-26MAR03H1600-B6787", "trade_id": "f795512d-e506-757e-8cb9-3e51aab8c188", "yes_price": 22, "yes_price_dollars": "0.2200"}
{"count": 13, "count_fp": "13.00", "created_time": "2026-03-03T17:34:10.068828Z", "no_price": 73, "no_price_dollars": "0.7300", "price": 0.27, "taker_side": "yes", "ticker": "KXINX-26MAR03H1600-B6787", "trade_id": "a35ee3b3-051a-482e-bdba-54f7f1139774", "yes_price": 27, "yes_price_dollars": "0.2700"}
{"count": 5, "count_fp": "5.00", "created_time": "2026-03-03T17:34:10.068828Z", "no_price": 75, "no_price_dollars": "0.7500", "price": 0.25, "taker_side": "yes", "ticker": "KXINX-26MAR03H1600-B6787", "trade_id": "436c7b22-fbbb-449a-939f-eaa9326bae46", "yes_price": 25, "yes_price_dollars": "0.2500"}
{"count": 19, "count_fp": "19.00", "created_time": "2026-03-03T16:38:36.381205Z", "no_price": 75, "no_price_dollars": "0.7500", "price": 0.25, "taker_side": "yes", "ticker": "KXINX-26MAR03H1600-B6787", "trade_id": "f67f2261-fc4e-65cd-f69b-7deae004fa12", "yes_price": 25, "yes_price_dollars": "0.2500"}
{"count": 40, "count_fp": "40.00", "created_time": "2026-03-03T16:21:40.438934Z", "no_price": 76, "no_price_dollars": "0.7600", "price": 0.24, "taker_side": "yes", "ticker": "KXINX-26MAR03H1600-B6787", "trade_id": "4ea9d05d-9536-71e1-c593-96f7977253d0", "yes_price": 24, "yes_price_dollars": "0.2400"}
{"count": 150, "count_fp": "150.00", "created_time": "2026-03-03T16:11:39.417581Z", "no_price": 79, "no_price_dollars": "0.7900", "price": 0.21, "taker_side": "no", "ticker": "KXINX-26MAR03H1600-B6787", "trade_id": "cb35afaf-6367-4818-5495-77aa86ab04d4", "yes_price": 21, "yes_price_dollars": "0.2100"}
{"count": 60, "count_fp": "60.00", "created_time": "2026-03-03T16:08:00.796351Z", "no_price": 80, "no_price_dollars": "0.8000", "price": 0.2, "taker_side": "yes", "ticker": "KXINX-26MAR03H1600-B6787", "trade_id": "f66e69e6-6a84-6072-9391-47ae635a5373", "yes_price": 20, "yes_price_dollars": "0.2000"}
{"count": 1796, "count_fp": "1796.00", "created_time": "2026-03-03T16:08:00.796351Z", "no_price": 79, "no_price_dollars": "0.7900", "price": 0.21, "taker_side": "yes", "ticker": "KXINX-26MAR03H1600-B6787", "trade_id": "49d0e4f8-5062-6565-958a-7b99ddf04028", "yes_price": 21, "yes_price_dollars": "0.2100"}
{"count": 60, "count_fp": "60.00", "created_time": "2026-03-03T16:04:25.105629Z", "no_price": 86, "no_price_dollars": "0.8600", "price": 0.14, "taker_side": "yes", "ticker": "KXINX-26MAR03H1600-B6787", "trade_id": "9f0cd26f-ba16-4842-6492-292f4b6d977a", "yes_price": 14, "yes_price_dollars": "0.1400"}
{"count": 60, "count_fp": "60.00", "created_time": "2026-03-03T15:34:50.450521Z", "no_price": 88, "no_price_dollars": "0.8800", "price": 0.12, "taker_side": "yes", "ticker": "KXINX-26MAR03H1600-B6787", "trade_id": "8990b0c5-6b9a-478e-75f5-3bc59cc231c4", "yes_price": 12, "yes_price_dollars": "0.1200"}
{"count": 1, "count_fp": "1.00", "created_time": "2026-03-03T15:16:16.016461Z", "no_price": 92, "no_price_dollars": "0.9200", "price": 0.08, "taker_side": "yes", "ticker": "KXINX-26MAR03H1600-B6787", "trade_id": "a5763d5b-d543-59f1-c51d-5f35d5aee65b", "yes_price": 8, "yes_price_dollars": "0.0800"}
{"count": 6, "count_fp": "6.00", "created_time": "2026-03-03T15:09:44.270124Z", "no_price": 84, "no_price_dollars": "0.8400", "price": 0.16, "taker_side": "yes", "ticker": "KXINX-26MAR03H1600-B6787", "trade_id": "aaa06ce1-4656-5300-1f68-fe677079c7eb", "yes_price": 16, "yes_price_dollars": "0.1600"}
{"count": 12, "count_fp": "12.00", "created_time": "2026-03-03T14:03:40.793763Z", "no_price": 87, "no_price_dollars": "0.8700", "price": 0.13, "taker_side": "no", "ticker": "KXINX-26MAR03H1600-B6787", "trade_id": "b7a6c6ff-7ac8-51b3-d3c7-b0cf60aecf1c", "yes_price": 13, "yes_price_dollars": "0.1300"}
{"count": 1, "count_fp": "1.00", "created_time": "2026-03-03T14:01:13.279191Z", "no_price": 84, "no_price_dollars": "0.8400", "price": 0.16, "taker_side": "yes", "ticker": "KXINX-26MAR03H1600-B6787", "trade_id": "47c6c202-a968-5687-e48e-5540a090375d", "yes_price": 16, "yes_price_dollars": "0.1600"}
{"count": 1, "count_fp": "1.00", "created_time": "2026-03-03T14:01:11.119799Z", "no_price": 84, "no_price_dollars": "0.8400", "price": 0.16, "taker_side": "yes", "ticker": "KXINX-26MAR03H1600-B6787", "trade_id": "c3cb6d28-0978-6af7-330b-d48d40796be1", "yes_price": 16, "yes_price_dollars": "0.1600"}
{"count": 1, "count_fp": "1.00", "created_time": "2026-03-03T14:01:08.877521Z", "no_price": 84, "no_price_dollars": "0.8400", "price": 0.16, "taker_side": "yes", "ticker": "KXINX-26MAR03H1600-B6787", "trade_id": "6cbc658f-4c0c-7593-bb91-e4ff8627ae19", "yes_price": 16, "yes_price_dollars": "0.1600"}
{"count": 1, "count_fp": "1.00", "created_time": "2026-03-03T14:01:05.862307Z", "no_price": 84, "no_price_dollars": "0.8400", "price": 0.16, "taker_side": "yes", "ticker": "KXINX-26MAR03H1600-B6787", "trade_id": "5d07b810-0880-68bb-fdf6-9b4512432f69", "yes_price": 16, "yes_price_dollars": "0.1600"}
{"count": 1, "count_fp": "1.00", "created_time": "2026-03-03T14:01:03.682589Z", "no_price": 84, "no_price_dollars": "0.8400", "price": 0.16, "taker_side": "yes", "ticker": "KXINX-26MAR03H1600-B6787", "trade_id": "ff772b43-0cf4-6c47-38ce-f6a16ba64795", "yes_price": 16, "yes_price_dollars": "0.1600"}
{"count": 1, "count_fp": "1.00", "created_time": "2026-03-03T14:01:01.454956Z", "no_price": 84, "no_price_dollars": "0.8400", "price": 0.16, "taker_side": "yes", "ticker": "KXINX-26MAR03H1600-B6787", "trade_id": "a200167e-90e0-6d43-1f68-cb39c516c871", "yes_price": 16, "yes_price_dollars": "0.1600"}
{"count": 1, "count_fp": "1.00", "created_time": "2026-03-03T14:00:59.35443Z", "no_price": 84, "no_price_dollars": "0.8400", "price": 0.16, "taker_side": "yes", "ticker": "KXINX-26MAR03H1600-B6787", "trade_id": "64b3b7b2-2b04-7aef-8cfc-028d816745a9", "yes_price": 16, "yes_price_dollars": "0.1600"}
{"count": 1, "count_fp": "1.00", "created_time": "2026-03-03T14:00:56.916623Z", "no_price": 84, "no_price_dollars": "0.8400", "price": 0.16, "taker_side": "yes", "ticker": "KXINX-26MAR03H1600-B6787", "trade_id": "5b79f09e-81a4-7623-ab54-4d5a61cf5879", "yes_price": 16, "yes_price_dollars": "0.1600"}
{"count": 1, "count_fp": "1.00", "created_time": "2026-03-03T14:00:54.037436Z", "no_price": 84, "no_price_dollars": "0.8400", "price": 0.16, "taker_side": "yes", "ticker": "KXINX-26MAR03H1600-B6787", "trade_id": "6a172580-ac0c-73f7-cff7-45f830e005e5", "yes_price": 16, "yes_price_dollars": "0.1600"}
{"count": 1, "count_fp": "1.00", "created_time": "2026-03-03T14:00:51.615373Z", "no_price": 84, "no_price_dollars": "0.8400", "price": 0.16, "taker_side": "yes", "ticker": "KXINX-26MAR03H1600-B6787", "trade_id": "3bfc43f9-91a8-793f-d115-f4cd06479fad", "yes_price": 16, "yes_price_dollars": "0.1600"}
{"count": 1, "count_fp": "1.00", "created_time": "2026-03-03T14:00:48.674388Z", "no_price": 84, "no_price_dollars": "0.8400", "price": 0.16, "taker_side": "yes", "ticker": "KXINX-26MAR03H1600-B6787", "trade_id": "78dbdcef-00ac-709f-2bbb-e541f218fcb1", "yes_price": 16, "yes_price_dollars": "0.1600"}
{"count": 1, "count_fp": "1.00", "created_time": "2026-03-03T14:00:37.434352Z", "no_price": 84, "no_price_dollars": "0.8400", "price": 0.16, "taker_side": "yes", "ticker": "KXINX-26MAR03H1600-B6787", "trade_id": "8ee4f37c-1fec-41e3-c430-343b0db69061", "yes_price": 16, "yes_price_dollars": "0.1600"}
{"count": 2, "count_fp": "2.00", "created_time": "2026-03-03T20:09:48.70118Z", "no_price": 99, "no_price_dollars": "0.9900", "price": 0.01, "taker_side": "no", "ticker": "KXINX-26MAR03H1600-B6762", "trade_id": "deff6632-be5e-6440-91dc-8e80d9ad9316", "yes_price": 1, "yes_price_dollars": "0.0100"}
