{"count": 138, "count_fp": "138.00", "created_time": "2026-03-01T22:58:45.376016Z", "no_price": 93, "no_price_dollars": "0.9300", "price": 0.07, "taker_side": "yes", "ticker": "KXINX-26MAR02H1600-T6550", "trade_id": "8ce91194-3b1e-529e-c78e-3c9354da203a", "yes_price": 7, "yes_price_dollars": "0.0700"}
{"count": 88, "count_fp": "88.00", "created_time": "2026-03-01T00:05:21.995807Z", "no_price": 89, "no_price_dollars": "0.8900", "price": 0.11, "taker_side": "yes", "ticker": "KXINX-26MAR02H1600-T6550", "trade_id": "279e9d02-fa56-502e-fe67-871a96938706", "yes_price": 11, "yes_price_dollars": "0.1100"}
{"count": 50, "count_fp": "50.00", "created_time": "2026-03-01T17:37:44.77683Z", "no_price": 99, "no_price_dollars": "0.9900", "price": 0.01, "taker_side": "yes", "ticker": "KXINX-26MAR02H1600-B7212", "trade_id": "c019a61e-bddf-4749-b220-a4dbde6c74b6", "yes_price": 1, "yes_price_dollars": "0.0100"}
{"count": 96, "count_fp": "96.00", "created_time": "2026-03-01T23:30:31.50479Z", "no_price": 99, "no_price_dollars": "0.9900", "price": 0.01, "taker_side": "yes", "ticker": "KXINX-26MAR02H1600-B7162", "trade_id": "a9609d0e-4856-7658-bd3a-2369fc8c79f5", "yes_price": 1, "yes_price_dollars": "0.0100"}
{"count": 50, "count_fp": "50.00", "created_time": "2026-03-01T18:08:12.986021Z", "no_price": 99, "no_price_dollars": "0.9900", "price": 0.01, "taker_side": "yes", "ticker": "KXINX-26MAR02H1600-B7162", "trade_id": "3ea5ba74-7a36-41f8-8b8f-eab41b6df125", "yes_price": 1, "yes_price_dollars": "0.0100"}
{"count": 3, "count_fp": "3.00", "created_time": "2026-03-01T06:54:42.663056Z", "no_price": 99, "no_price_dollars": "0.9900", "price": 0.01, "taker_side": "yes", "ticker": "KXINX-26MAR02H1600-B7162", "trade_id": "df9283b3-b50e-4930-fe67-1aaa16ff2885", "yes_price": 1, "yes_price_dollars": "0.0100"}
{"count": 483, "count_fp": "483.00", "created_time": "2026-03-01T01:53:59.252504Z", "no_price": 99, "no_price_dollars": "0.9900", "price": 0.01, "taker_side": "yes", "ticker": "KXINX-26MAR02H1600-B7162", "trade_id": "d574d01d-69ee-51d8-5c2b-0545da4e0dd1", "yes_price": 1, "yes_price_dollars": "0.0100"}
{"count": 2, "count_fp": "2.00", "created_time": "2026-03-01T21:26:05.049628Z", "no_price": 97, "no_price_dollars": "0.9700", "price": 0.03, "taker_side": "yes", "ticker": "KXINX-26MAR02H1600-B6987", "trade_id": "a11f610b-208c-532d-619d-9ba1a4f6b81c", "yes_price": 3, "yes_price_dollars": "0.0300"}
{"count": 95, "count_fp": "95.00", "created_time": "2026-03-01T21:26:05.049628Z", "no_price": 95, "no_price_dollars": "0.9500", "price": 0.05, "taker_side": "yes", "ticker": "KXINX-26MAR02H1600-B6987", "trade_id": "1d311682-d861-56fb-44f1-ced337ba6a29", "yes_price": 5, "yes_price_dollars": "0.0500"}
{"count": 7, "count_fp": "7.00", "created_time": "2026-03-01T06:27:56.29932Z", "no_price": 91, "no_price_dollars": "0.9100", "price": 0.09, "taker_side": "yes", "ticker": "KXINX-26MAR02H1600-B6962", "trade_id": "54c6b578-9e05-5904-4915-bc684a103752", "yes_price": 9, "yes_price_dollars": "0.0900"}
{"count": 30, "count_fp": "30.00", "created_time": "2026-03-01T06:23:03.328778Z", "no_price": 91, "no_price_dollars": "0.9100", "price": 0.09, "taker_side": "yes", "ticker": "KXINX-26MAR02H1600-B6962", "trade_id": "93c52606-17bd-4c1c-14d8-95840f4e5f0e", "yes_price": 9, "yes_price_dollars": "0.0900"}
{"count": 20, "count_fp": "20.00", "created_time": "2026-03-01T06:19:02.013327Z", "no_price": 91, "no_price_dollars": "0.9100", "price": 0.09, "taker_side": "yes", "ticker": "KXINX-26MAR02H1600-B6962", "trade_id": "92d828e9-a4e9-4064-776f-afc1cfb5c0b2", "yes_price": 9, "yes_price_dollars": "0.0900"}
{"count": 23, "count_fp": "23.00", "created_time": "2026-03-01T03:06:51.399537Z", "no_price": 90, "no_price_dollars": "0.9000", "price": 0.1, "taker_side": "yes", "ticker": "KXINX-26MAR02H1600-B6962", "trade_id": "4e908a8f-8d40-74d9-f692-210f962e8416", "yes_price": 10, "yes_price_dollars": "0.1000"}
{"count": 18, "count_fp": "18.00", "created_time": "2026-03-01T03:06:51.399537Z", "no_price": 90, "no_price_dollars": "0.9000", "price": 0.1, "taker_side": "yes", "ticker": "KXINX-26MAR02H1600-B6962", "trade_id": "3384e806-1066-7450-e1f7-3f28a1811f8a", "yes_price": 10, "yes_price_dollars": "0.1000"}
{"count": 2, "count_fp": "2.00", "created_time": "2026-03-01T02:07:41.143835Z", "no_price": 97, "no_price_dollars": "0.9700", "price": 0.03, "taker_side": "yes", "ticker": "KXINX-26MAR02H1600-B6962", "trade_id": "acba7b0c-c972-7860-9d4f-4257d71779ec", "yes_price": 3, "yes_price_dollars": "0.0300"}
{"count": 82, "count_fp": "82.00", "created_time": "2026-03-01T02:07:41.143835Z", "no_price": 90, "no_price_dollars": "0.9000", "price": 0.1, "taker_side": "yes", "ticker": "KXINX-26MAR02H1600-B6962", "trade_id": "465b24f2-c0a2-7b2c-b1e5-9ec67d3a16f2", "yes_price": 10, "yes_price_dollars": "0.1000"}
{"count": 95, "count_fp": "95.00", "created_time": "2026-03-01T17:52:29.280506Z", "no_price": 89, "no_price_dollars": "0.8900", "price": 0.11, "taker_side": "yes", "ticker": "KXINX-26MAR02H1600-B6937", "trade_id": "b8af4800-7e1b-4492-2e5e-bf1cbee39e6b", "yes_price": 11, "yes_price_dollars": "0.1100"}
{"count": 81, "count_fp": "81.00", "created_time": "2026-03-01T17:52:29.280506Z", "no_price": 89, "no_price_dollars": "0.8900", "price": 0.11, "taker_side": "yes", "ticker": "KXINX-26MAR02H1600-B6937", "trade_id": "5cd5cd7d-f324-43c9-0750-9e574c09b038", "yes_price": 11, "yes_price_dollars": "0.1100"}
{"count": 3, "count_fp": "3.00", "created_time": "2026-03-01T15:06:28.592996Z", "no_price": 97, "no_price_dollars": "0.9700", "price": 0.03, "taker_side": "no", "ticker": "KXINX-26MAR02H1600-B6937", "trade_id": "d2aa327a-3740-5c2f-51a9-7f2ae39f7150", "yes_price": 3, "yes_price_dollars": "0.0300"}
{"count": 1, "count_fp": "1.00", "created_time": "2026-03-01T14:57:51.053094Z", "no_price": 89, "no_price_dollars": "0.8900", "price": 0.11, "taker_side": "yes", "ticker": "KXINX-26MAR02H1600-B6937", "trade_id": "c0355651-e894-5f81-ddad-fe8f70fadc14", "yes_price": 11, "yes_price_dollars": "0.1100"}
{"count": 43, "count_fp": "43.00", "created_time": "2026-03-01T14:56:30.228952Z", "no_price": 89, "no_price_dollars": "0.8900", "price": 0.11, "taker_side": "yes", "ticker": "KXINX-26MAR02H1600-B6937", "trade_id": "e5db9901-0908-4751-7c42-576bacadcb80", "yes_price": 11, "yes_price_dollars": "0.1100"}
{"count": 1, "count_fp": "1.00", "created_time": "2026-03-01T14:56:30.228952Z", "no_price": 90, "no_price_dollars": "0.9000", "price": 0.1, "taker_side": "yes", "ticker": "KXINX-26MAR02H1600-B6937", "trade_id": "9d508438-da98-4735-7e42-9c2998b70066", "yes_price": 10, "yes_price_dollars": "0.1000"}
{"count": 10, "count_fp": "10.00", "created_time": "2026-03-01T06:27:26.423829Z", "no_price": 85, "no_price_dollars": "0.8500", "price": 0.15, "taker_side": "yes", "ticker": "KXINX-26MAR02H1600-B6937", "trade_id": "f206c6e9-af8f-72be-6b44-e726d90753c4", "yes_price": 15, "yes_price_dollars": "0.1500"}
{"count": 30, "count_fp": "30.00", "created_time": "2026-03-01T06:26:36.146644Z", "no_price": 85, "no_price_dollars": "0.8500", "price": 0.15, "taker_side": "yes", "ticker": "KXINX-26MAR02H1600-B6937", "trade_id": "70d1c5c7-8deb-772a-f610-3dff73a13228", "yes_price": 15, "yes_price_dollars": "0.1500"}
{"count": 20, "count_fp": "20.00", "created_time": "2026-03-01T06:22:04.335177Z", "no_price": 85, "no_price_dollars": "0.8500", "price": 0.15, "taker_side": "yes", "ticker": "KXINX-26MAR02H1600-B6937", "trade_id": "33427300-6597-58ba-3c67-3844ce1730b0", "yes_price": 15, "yes_price_dollars": "0.1500"}
{"count": 100, "count_fp": "100.00", "created_time": "2026-03-01T06:17:27.824072Z", "no_price": 87, "no_price_dollars": "0.8700", "price": 0.13, "taker_side": "yes", "ticker": "KXINX-26MAR02H1600-B6937", "trade_id": "f620d5d7-2555-5d36-2fef-8e23f04458ce", "yes_price": 13, "yes_price_dollars": "0.1300"}
{"count": 8, "count_fp": "8.00", "created_time": "2026-03-01T02:03:56.407762Z", "no_price": 86, "no_price_dollars": "0.8600", "price": 0.14, "taker_side": "yes", "ticker": "KXINX-26MAR02H1600-B6937", "trade_id": "9238d92a-d1b9-501d-b336-8178b83f0201", "yes_price": 14, "yes_price_dollars": "0.1400"}
{"count": 5, "count_fp": "5.00", "created_time": "2026-03-01T02:03:56.407762Z", "no_price": 87, "no_price_dollars": "0.8700", "price": 0.13, "taker_side": "yes", "ticker": "KXINX-26MAR02H1600-B6937", "trade_id": "6fbd18e5-0930-5377-925e-a18f7d817a7d", "yes_price": 13, "yes_price_dollars": "0.1300"}
{"count": 44, "count_fp": "44.00", "created_time": "2026-03-01T21:41:19.326728Z", "no_price": 89, "no_price_dollars": "0.8900", "price": 0.11, "taker_side": "yes", "ticker": "KXINX-26MAR02H1600-B6912", "trade_id": "5633f6aa-c85c-5176-6c50-ec6d7dddf4c3", "yes_price": 11, "yes_price_dollars": "0.1100"}
{"count": 7, "count_fp": "7.00", "created_time": "2026-03-01T19:24:04.457495Z", "no_price": 89, "no_price_dollars": "0.8900", "price": 0.11, "taker_side": "yes", "ticker": "KXINX-26MAR02H1600-B6912", "trade_id": "b24ff15c-1874-739e-919d-d14e766ae2a7", "yes_price": 11, "yes_price_dollars": "0.1100"}
{"count": 44, "count_fp": "44.00", "created_time": "2026-03-01T19:20:10.062824Z", "no_price": 90, "no_price_dollars": "0.9000", "price": 0.1, "taker_side": "yes", "ticker": "KXINX-26MAR02H1600-B6912", "trade_id": "c3f8135c-2ada-4f13-741b-f1b3c44ed055", "yes_price": 10, "yes_price_dollars": "0.1000"}
{"count": 100, "count_fp": "100.00", "created_time": "2026-03-01T18:10:39.456352Z", "no_price": 90, "no_price_dollars": "0.9000", "price": 0.1, "taker_side": "yes", "ticker": "KXINX-26MAR02H1600-B6912", "trade_id": "8c079433-2b17-5a91-d9e4-5a6161930978", "yes_price": 10, "yes_price_dollars": "0.1000"}
{"count": 37, "count_fp": "37.00", "created_time": "2026-03-01T18:10:39.456352Z", "no_price": 91, "no_price_dollars": "0.9100", "price": 0.09, "taker_side": "yes", "ticker": "KXINX-26MAR02H1600-B6912", "trade_id": "5ff6290c-54df-5b9b-e3ca-60b50e0b9747", "yes_price": 9, "yes_price_dollars": "0.0900"}
{"count": 319, "count_fp": "319.00", "created_time": "2026-03-01T18:10:39.456352Z", "no_price": 89, "no_price_dollars": "0.8900", "price": 0.11, "taker_side": "yes", "ticker": "KXINX-26MAR02H1600-B6912", "trade_id": "12f69c3c-c710-560e-f98d-9f9ed3cc63b7", "yes_price": 11, "yes_price_dollars": "0.1100"}
{"count": 34, "count_fp": "34.00", "created_time": "2026-03-01T17:03:29.123479Z", "no_price": 91, "no_price_dollars": "0.9100", "price": 0.09, "taker_side": "yes", "ticker": "KXINX-26MAR02H1600-B6912", "trade_id": "f23e41f9-914c-4f29-332a-0a8e819e84fc", "yes_price": 9, "yes_price_dollars": "0.0900"}
{"count": 17, "count_fp": "17.00", "created_time": "2026-03-01T17:03:29.123479Z", "no_price": 90, "no_price_dollars": "0.9000", "price": 0.1, "taker_side": "yes", "ticker": "KXINX-26MAR02H1600-B6912", "trade_id": "9c985397-0937-4209-3699-d59b5da8fbe0", "yes_price": 10, "yes_price_dollars": "0.1000"}
{"count": 10, "count_fp": "10.00", "created_time": "2026-03-01T14:17:36.266002Z", "no_price": 91, "no_price_dollars": "0.9100", "price": 0.09, "taker_side": "yes", "ticker": "KXINX-26MAR02H1600-B6912", "trade_id": "1988e510-1ac8-4a3b-633e-0a6681dc6ad3", "yes_price": 9, "yes_price_dollars": "0.0900"}
{"count": 48, "count_fp": "48.00", "created_time": "2026-03-01T12:57:51.353215Z", "no_price": 90, "no_price_dollars": "0.9000", "price": 0.1, "taker_side": "yes", "ticker": "KXINX-26MAR02H1600-B6912", "trade_id": "d6d51fbe-b471-468d-a66a-9e0048e96a72", "yes_price": 10, "yes_price_dollars": "0.1000"}
{"count": 1, "count_fp": "1.00", "created_time": "2026-03-01T06:27:06.975738Z", "no_price": 88, "no_price_dollars": "0.8800", "price": 0.12, "taker_side": "yes", "ticker": "KXINX-26MAR02H1600-B6912", "trade_id": "f2bb0d15-b21e-6da4-7c30-d72af3d959be", "yes_price": 12, "yes_price_dollars": "0.1200"}
{"count": 30, "count_fp": "30.00", "created_time": "2026-03-01T06:26:55.729775Z", "no_price": 88, "no_price_dollars": "0.8800", "price": 0.12, "taker_side": "yes", "ticker": "KXINX-26MAR02H1600-B6912", "trade_id": "e060cad2-2962-4df0-3aec-d6294a69bc7a", "yes_price": 12, "yes_price_dollars": "0.1200"}
{"count": 50, "count_fp": "50.00", "created_time": "2026-03-01T06:21:16.608868Z", "no_price": 88, "no_price_dollars": "0.8800", "price": 0.12, "taker_side": "yes", "ticker": "KXINX-26MAR02H1600-B6912", "trade_id": "530eaec2-1ae6-7758-f2b0-4f44fcaceb22", "yes_price": 12, "yes_price_dollars": "0.1200"}
{"count": 79, "count_fp": "79.00", "created_time": "2026-03-01T06:20:02.132566Z", "no_price": 89, "no_price_dollars": "0.8900", "price": 0.11, "taker_side": "yes", "ticker": "KXINX-26MAR02H1600-B6912", "trade_id": "1449ee35-c57b-4d42-f24e-30b12c184b78", "yes_price": 11, "yes_price_dollars": "0.1100"}
{"count": 13, "count_fp": "13.00", "created_time": "2026-03-01T02:04:05.756145Z", "no_price": 87, "no_price_dollars": "0.8700", "price": 0.13, "taker_side": "yes", "ticker": "KXINX-26MAR02H1600-B6912", "trade_id": "a87149a2-2d9f-5a1c-d735-d6cc43f4dec5", "yes_price": 13, "yes_price_dollars": "0.1300"}
{"count": 109, "count_fp": "109.00", "created_time": "2026-03-01T01:22:27.008452Z", "no_price": 87, "no_price_dollars": "0.8700", "price": 0.13, "taker_side": "yes", "ticker": "KXINX-26MAR02H1600-B6912", "trade_id": "c945fb14-62c3-5a9e-100e-1c365499691e", "yes_price": 13, "yes_price_dollars": "0.1300"}
{"count": 138, "count_fp": "138.00", "created_time": "2026-03-01T01:22:27.008452Z", "no_price": 86, "no_price_dollars": "0.8600", "price": 0.14, "taker_side": "yes", "ticker": "KXINX-26MAR02H1600-B6912", "trade_id": "96c7bebd-4a82-56e0-2ce8-665079f351a6", "yes_price": 14, "yes_price_dollars": "0.1400"}
{"count": 100, "count_fp": "100.00", "created_time": "2026-03-01T01:22:27.008452Z", "no_price": 86, "no_price_dollars": "0.8600", "price": 0.14, "taker_side": "yes", "ticker": "KXINX-26MAR02H1600-B6912", "trade_id": "7266e0f4-fde7-52c3-3713-b8530242c8c4", "yes_price": 14, "yes_price_dollars": "0.1400"}
{"count": 90, "count_fp": "90.00", "created_time": "2026-03-01T23:33:42.06145Z", "no_price": 87, "no_price_dollars": "0.8700", "price": 0.13, "taker_side": "yes", "ticker": "KXINX-26MAR02H1600-B6887", "trade_id": "fb8b255f-49c1-651d-f209-f84f3aca55bc", "yes_price": 13, "yes_price_dollars": "0.1300"}
{"count": 382, "count_fp": "382.00", "created_time": "2026-03-01T23:31:27.909684Z", "no_price": 87, "no_price_dollars": "0.8700", "price": 0.13, "taker_side": "yes", "ticker": "KXINX-26MAR02H1600-B6887", "trade_id": "4dce6b52-b441-556d-2cae-ded3ef055734", "yes_price": 13, "yes_price_dollars": "0.1300"}
{"count": 192, "count_fp": "192.00", "created_time": "2026-03-01T23:31:27.909684Z", "no_price": 88, "no_price_dollars": "0.8800", "price": 0.12, "taker_side": "yes", "ticker": "KXINX-26MAR02H1600-B6887", "trade_id": "0b356ba0-4e94-5ecb-3231-66016ca3e936", "yes_price": 12, "yes_price_dollars": "0.1200"}
{"count": 8, "count_fp": "8.00", "created_time": "2026-03-01T23:29:29.105453Z", "no_price": 88, "no_price_dollars": "0.8800", "price": 0.12, "taker_side": "yes", "ticker": "KXINX-26MAR02H1600-B6887", "trade_id": "7e1f6dac-6e78-70db-86a5-1b1c9d8ff4ee", "yes_price": 12, "yes_price_dollars": "0.1200"}
{"count": 34, "count_fp": "34.00", "created_time": "2026-03-01T21:56:55.747235Z", "no_price": 86, "no_price_dollars": "0.8600", "price": 0.14, "taker_side": "yes", "ticker": "KXINX-26MAR02H1600-B6887", "trade_id": "4b5b6d02-8e12-45d7-d618-06ad63d2dc29", "yes_price": 14, "yes_price_dollars": "0.1400"}
{"count": 34, "count_fp": "34.00", "created_time": "2026-03-01T21:55:56.348294Z", "no_price": 86, "no_price_dollars": "0.8600", "price": 0.14, "taker_side": "yes", "ticker": "KXINX-26MAR02H1600-B6887", "trade_id": "782fae5b-eac2-5e3f-fba6-3a3a1b637d31", "yes_price": 14, "yes_price_dollars": "0.1400"}
{"count": 13, "count_fp": "13.00", "created_time": "2026-03-01T21:46:55.035999Z", "no_price": 86, "no_price_dollars": "0.8600", "price": 0.14, "taker_side": "yes", "ticker": "KXINX-26MAR02H1600-B6887", "trade_id": "d9e2520e-50ce-4ba3-53b2-eccad0212295", "yes_price": 14, "yes_price_dollars": "0.1400"}
{"count": 41, "count_fp": "41.00", "created_time": "2026-03-01T20:35:24.795343Z", "no_price": 86, "no_price_dollars": "0.8600", "price": 0.14, "taker_side": "yes", "ticker": "KXINX-26MAR02H1600-B6887", "trade_id": "189c2185-395e-772f-611a-16fbb4fdaff5", "yes_price": 14, "yes_price_dollars": "0.1400"}
{"count": 2, "count_fp": "2.00", "created_time": "2026-03-01T20:35:24.307463Z", "no_price": 90, "no_price_dollars": "0.9000", "price": 0.1, "taker_side": "no", "ticker": "KXINX-26MAR02H1600-B6887", "trade_id": "2f7fe3dc-7a27-4624-309b-dfcf255e421e", "yes_price": 10, "yes_price_dollars": "0.1000"}
{"count": 13, "count_fp": "13.00", "created_time": "2026-03-01T20:12:24.95581Z", "no_price": 86, "no_price_dollars": "0.8600", "price": 0.14, "taker_side": "yes", "ticker": "KXINX-26MAR02H1600-B6887", "trade_id": "f29a79ad-f06a-460b-db8a-13d3da417b2d", "yes_price": 14, "yes_price_dollars": "0.1400"}
{"count": 17, "count_fp": "17.00", "created_time": "2026-03-01T19:30:24.267431Z", "no_price": 86, "no_price_dollars": "0.8600", "price": 0.14, "taker_side": "yes", "ticker": "KXINX-26MAR02H1600-B6887", "trade_id": "88cfa783-ffe6-632b-7aa9-2cda66feb5fd", "yes_price": 14, "yes_price_dollars": "0.1400"}
{"count": 17, "count_fp": "17.00", "created_time": "2026-03-01T19:30:24.267431Z", "no_price": 86, "no_price_dollars": "0.8600", "price": 0.14, "taker_side": "yes", "ticker": "KXINX-26MAR02H1600-B6887", "trade_id": "0e813867-0156-6baf-65e1-5fa16409f468", "yes_price": 14, "yes_price_dollars": "0.1400"}
{"count": 70, "count_fp": "70.00", "created_time": "2026-03-01T19:20:24.70253Z", "no_price": 86, "no_price_dollars": "0.8600", "price": 0.14, "taker_side": "yes", "ticker": "KXINX-26MAR02H1600-B6887", "trade_id": "f37f5281-f512-7df3-c191-d72485078fd8", "yes_price": 14, "yes_price_dollars": "0.1400"}
{"count": 13, "count_fp": "13.00", "created_time": "2026-03-01T19:17:27.65988Z", "no_price": 86, "no_price_dollars": "0.8600", "price": 0.14, "taker_side": "yes", "ticker": "KXINX-26MAR02H1600-B6887", "trade_id": "58b4dbd8-dbf2-6dcf-41dd-ddf1c1117524", "yes_price": 14, "yes_price_dollars": "0.1400"}
{"count": 323, "count_fp": "323.00", "created_time": "2026-03-01T18:11:49.418792Z", "no_price": 85, "no_price_dollars": "0.8500", "price": 0.15, "taker_side": "yes", "ticker": "KXINX-26MAR02H1600-B6887", "trade_id": "a5fd2f4a-22f7-54d3-6560-927f7d10b4e0", "yes_price": 15, "yes_price_dollars": "0.1500"}
{"count": 2, "count_fp": "2.00", "created_time": "2026-03-01T18:09:55.591441Z", "no_price": 90, "no_price_dollars": "0.9000", "price": 0.1, "taker_side": "no", "ticker": "KXINX-26MAR02H1600-B6887", "trade_id": "a729d63d-b6a3-5e58-dc8c-bf81b8b49e8e", "yes_price": 10, "yes_price_dollars": "0.1000"}
{"count": 32, "count_fp": "32.00", "created_time": "2026-03-01T17:56:11.923921Z", "no_price": 85, "no_price_dollars": "0.8500", "price": 0.15, "taker_side": "yes", "ticker": "KXINX-26MAR02H1600-B6887", "trade_id": "75287157-3dc3-49a7-e2b0-b375e5c3f1d4", "yes_price": 15, "yes_price_dollars": "0.1500"}
{"count": 55, "count_fp": "55.00", "created_time": "2026-03-01T17:33:55.385794Z", "no_price": 90, "no_price_dollars": "0.9000", "price": 0.1, "taker_side": "no", "ticker": "KXINX-26MAR02H1600-B6887", "trade_id": "40de7860-a657-419c-5507-3be060b7bc06", "yes_price": 10, "yes_price_dollars": "0.1000"}
{"count": 32, "count_fp": "32.00", "created_time": "2026-03-01T17:30:54.125431Z", "no_price": 85, "no_price_dollars": "0.8500", "price": 0.15, "taker_side": "yes", "ticker": "KXINX-26MAR02H1600-B6887", "trade_id": "97d7369a-ead3-78e7-bf43-4e9ff837e998", "yes_price": 15, "yes_price_dollars": "0.1500"}
{"count": 6, "count_fp": "6.00", "created_time": "2026-03-01T17:27:40.830332Z", "no_price": 85, "no_price_dollars": "0.8500", "price": 0.15, "taker_side": "yes", "ticker": "KXINX-26MAR02H1600-B6887", "trade_id": "a893f834-5adf-4dbf-bc93-445ee2fc5ff8", "yes_price": 15, "yes_price_dollars": "0.1500"}
{"count": 3, "count_fp": "3.00", "created_time": "2026-03-01T17:18:36.657101Z", "no_price": 90, "no_price_dollars": "0.9000", "price": 0.1, "taker_side": "no", "ticker": "KXINX-26MAR02H1600-B6887", "trade_id": "dd7b7dd3-9683-6b04-2685-975716ca208e", "yes_price": 10, "yes_price_dollars": "0.1000"}
{"count": 64, "count_fp": "64.00", "created_time": "2026-03-01T15:59:54.515196Z", "no_price": 85, "no_price_dollars": "0.8500", "price": 0.15, "taker_side": "yes", "ticker": "KXINX-26MAR02H1600-B6887", "trade_id": "884636dd-e047-5197-8291-8d5526d3d77c", "yes_price": 15, "yes_price_dollars": "0.1500"}
{"count": 6, "count_fp": "6.00", "created_time": "2026-03-01T13:55:14.020967Z", "no_price": 85, "no_price_dollars": "0.8500", "price": 0.15, "taker_side": "yes", "ticker": "KXINX-26MAR02H1600-B6887", "trade_id": "989bc6cd-c5df-7c9b-228e-565eca051c30", "yes_price": 15, "yes_price_dollars": "0.1500"}
{"count": 6, "count_fp": "6.00", "created_time": "2026-03-01T23:55:59.197893Z", "no_price": 86, "no_price_dollars": "0.8600", "price": 0.14, "taker_side": "yes", "ticker": "KXINX-26MAR02H1600-B6862", "trade_id": "cce45aef-e086-6f81-ebe5-650c3e59aff3", "yes_price": 14, "yes_price_dollars": "0.1400"}
{"count": 298, "count_fp": "298.00", "created_time": "2026-03-01T23:33:57.537407Z", "no_price": 85, "no_price_dollars": "0.8500", "price": 0.15, "taker_side": "yes", "ticker": "KXINX-26MAR02H1600-B6862", "trade_id": "26c5c64b-70ae-6618-9eb0-8cc89dc4ec2f", "yes_price": 15, "yes_price_dollars": "0.1500"}
{"count": 194, "count_fp": "194.00", "created_time": "2026-03-01T23:33:57.537407Z", "no_price": 86, "no_price_dollars": "0.8600", "price": 0.14, "taker_side": "yes", "ticker": "KXINX-26MAR02H1600-B6862", "trade_id": "019c2f2c-b599-63f6-9f6d-ed7cc6602a75", "yes_price": 14, "yes_price_dollars": "0.1400"}
{"count": 6, "count_fp": "6.00", "created_time": "2026-03-01T23:18:53.628396Z", "no_price": 86, "no_price_dollars": "0.8600", "price": 0.14, "taker_side": "yes", "ticker": "KXINX-26MAR02H1600-B6862", "trade_id": "cba761bd-b729-6d72-240d-ec18d82037e5", "yes_price": 14, "yes_price_dollars": "0.1400"}
{"count": 3, "count_fp": "3.00", "created_time": "2026-03-01T23:02:32.47115Z", "no_price": 90, "no_price_dollars": "0.9000", "price": 0.1, "taker_side": "no", "ticker": "KXINX-26MAR02H1600-B6862", "trade_id": "63abb6cd-a439-5fa2-7ee0-6bfd3c2dd736", "yes_price": 10, "yes_price_dollars": "0.1000"}
{"count": 30, "count_fp": "30.00", "created_time": "2026-03-01T20:07:25.740586Z", "no_price": 84, "no_price_dollars": "0.8400", "price": 0.16, "taker_side": "yes", "ticker": "KXINX-26MAR02H1600-B6862", "trade_id": "0dbe94f2-56b2-741a-6bce-a3907c60836e", "yes_price": 16, "yes_price_dollars": "0.1600"}
{"count": 60, "count_fp": "60.00", "created_time": "2026-03-01T18:57:50.264083Z", "no_price": 84, "no_price_dollars": "0.8400", "price": 0.16, "taker_side": "yes", "ticker": "KXINX-26MAR02H1600-B6862", "trade_id": "101f1eef-da6a-59e6-9508-0af665b080da", "yes_price": 16, "yes_price_dollars": "0.1600"}
{"count": 30, "count_fp": "30.00", "created_time": "2026-03-01T16:43:50.073192Z", "no_price": 84, "no_price_dollars": "0.8400", "price": 0.16, "taker_side": "yes", "ticker": "KXINX-26MAR02H1600-B6862", "trade_id": "498c0348-77d6-7036-8b58-e2bfd9cbcb5e", "yes_price": 16, "yes_price_dollars": "0.1600"}
{"count": 9, "count_fp": "9.00", "created_time": "2026-03-01T16:01:23.553558Z", "no_price": 84, "no_price_dollars": "0.8400", "price": 0.16, "taker_side": "yes", "ticker": "KXINX-26MAR02H1600-B6862", "trade_id": "e7ea9217-1322-5866-a458-06fd11eb6602", "yes_price": 16, "yes_price_dollars": "0.1600"}
{"count": 51, "count_fp": "51.00", "created_time": "2026-03-01T16:01:23.553558Z", "no_price": 84, "no_price_dollars": "0.8400", "price": 0.16, "taker_side": "yes", "ticker": "KXINX-26MAR02H1600-B6862", "trade_id": "b03d3241-30fd-51d2-9c85-ce3801802397", "yes_price": 16, "yes_price_dollars": "0.1600"}
{"count": 1, "count_fp": "1.00", "created_time": "2026-03-01T15:15:02.554506Z", "no_price": 84, "no_price_dollars": "0.8400", "price": 0.16, "taker_side": "yes", "ticker": "KXINX-26MAR02H1600-B6862", "trade_id": "14821558-ec35-754a-f6ad-24b8216e42d7", "yes_price": 16, "yes_price_dollars": "0.1600"}
{"count": 1, "count_fp": "1.00", "created_time": "2026-03-01T15:01:32.520477Z", "no_price": 85, "no_price_dollars": "0.8500", "price": 0.15, "taker_side": "yes", "ticker": "KXINX-26MAR02H1600-B6862", "trade_id": "ce3f22d9-dabd-77df-28dd-ae6b15960265", "yes_price": 15, "yes_price_dollars": "0.1500"}
{"count": 48, "count_fp": "48.00", "created_time": "2026-03-01T15:01:32.520477Z", "no_price": 84, "no_price_dollars": "0.8400", "price": 0.16, "taker_side": "yes", "ticker": "KXINX-26MAR02H1600-B6862", "trade_id": "843ee344-cf7d-7ece-16ad-d39f3d825873", "yes_price": 16, "yes_price_dollars": "0.1600"}
{"count": 12, "count_fp": "12.00", "created_time": "2026-03-01T23:18:41.179748Z", "no_price": 84, "no_price_dollars": "0.8400", "price": 0.16, "taker_side": "yes", "ticker": "KXINX-26MAR02H1600-B6837", "trade_id": "8db7e3a3-4f90-65dc-51bf-97ba0ddb9d98", "yes_price": 16, "yes_price_dollars": "0.1600"}
{"count": 65, "count_fp": "65.00", "created_time": "2026-03-01T22:57:41.066436Z", "no_price": 83, "no_price_dollars": "0.8300", "price": 0.17, "taker_side": "yes", "ticker": "KXINX-26MAR02H1600-B6837", "trade_id": "5864e287-2621-66ac-bc2c-9d3d578c7f44", "yes_price": 17, "yes_price_dollars": "0.1700"}
{"count": 52, "count_fp": "52.00", "created_time": "2026-03-01T22:57:41.066436Z", "no_price": 84, "no_price_dollars": "0.8400", "price": 0.16, "taker_side": "yes", "ticker": "KXINX-26MAR02H1600-B6837", "trade_id": "1703cbb0-b6ab-621b-9a8f-84794e98a06f", "yes_price": 16, "yes_price_dollars": "0.1600"}
{"count": 43, "count_fp": "43.00", "created_time": "2026-03-01T22:14:49.458708Z", "no_price": 80, "no_price_dollars": "0.8000", "price": 0.2, "taker_side": "yes", "ticker": "KXINX-26MAR02H1600-B6837", "trade_id": "d71f755c-75c5-4b2c-6de7-7851f635149b", "yes_price": 20, "yes_price_dollars": "0.2000"}
{"count": 124, "count_fp": "124.00", "created_time": "2026-03-01T22:14:49.458708Z", "no_price": 80, "no_price_dollars": "0.8000", "price": 0.2, "taker_side": "yes", "ticker": "KXINX-26MAR02H1600-B6837", "trade_id": "92ee6c78-0dd8-4da4-49c4-d5c5ffe7843a", "yes_price": 20, "yes_price_dollars": "0.2000"}
{"count": 72, "count_fp": "72.00", "created_time": "2026-03-01T22:14:49.458708Z", "no_price": 79, "no_price_dollars": "0.7900", "price": 0.21, "taker_side": "yes", "ticker": "KXINX-26MAR02H1600-B6837", "trade_id": "2739578b-743b-4cd3-526d-34cfdcde8ef7", "yes_price": 21, "yes_price_dollars": "0.2100"}
{"count": 9, "count_fp": "9.00", "created_time": "2026-03-01T22:12:35.541081Z", "no_price": 80, "no_price_dollars": "0.8000", "price": 0.2, "taker_side": "yes", "ticker": "KXINX-26MAR02H1600-B6837", "trade_id": "73f89756-bf4d-7e14-49a3-673d4c98694b", "yes_price": 20, "yes_price_dollars": "0.2000"}
{"count": 10, "count_fp": "10.00", "created_time": "2026-03-01T20:06:56.944334Z", "no_price": 81, "no_price_dollars": "0.8100", "price": 0.19, "taker_side": "yes", "ticker": "KXINX-26MAR02H1600-B6837", "trade_id": "b42a9e0e-b7cf-461d-7518-58634f677713", "yes_price": 19, "yes_price_dollars": "0.1900"}
{"count": 14, "count_fp": "14.00", "created_time": "2026-03-01T20:06:56.944334Z", "no_price": 79, "no_price_dollars": "0.7900", "price": 0.21, "taker_side": "yes", "ticker": "KXINX-26MAR02H1600-B6837", "trade_id": "04efe5e4-7e3b-4953-77e8-16b927a99413", "yes_price": 21, "yes_price_dollars": "0.2100"}
{"count": 20, "count_fp": "20.00", "created_time": "2026-03-01T19:22:48.242069Z", "no_price": 78, "no_price_dollars": "0.7800", "price": 0.22, "taker_side": "yes", "ticker": "KXINX-26MAR02H1600-B6837", "trade_id": "0e8d7876-3334-7899-8671-827f266a4e87", "yes_price": 22, "yes_price_dollars": "0.2200"}
{"count": 24, "count_fp": "24.00", "created_time": "2026-03-01T18:27:44.855781Z", "no_price": 80, "no_price_dollars": "0.8000", "price": 0.2, "taker_side": "yes", "ticker": "KXINX-26MAR02H1600-B6837", "trade_id": "7c9b0625-dd1d-4fd0-58f4-c15b928538f7", "yes_price": 20, "yes_price_dollars": "0.2000"}
{"count": 8, "count_fp": "8.00", "created_time": "2026-03-01T18:20:41.846302Z", "no_price": 78, "no_price_dollars": "0.7800", "price": 0.22, "taker_side": "yes", "ticker": "KXINX-26MAR02H1600-B6837", "trade_id": "8be399d5-3820-4c95-3d72-304c9f887537", "yes_price": 22, "yes_price_dollars": "0.2200"}
{"count": 60, "count_fp": "60.00", "created_time": "2026-03-01T16:52:09.907741Z", "no_price": 78, "no_price_dollars": "0.7800", "price": 0.22, "taker_side": "no", "ticker": "KXINX-26MAR02H1600-B6837", "trade_id": "25a8eef9-390f-7e78-039d-0c456111aedc", "yes_price": 22, "yes_price_dollars": "0.2200"}
{"count": 1, "count_fp": "1.00", "created_time": "2026-03-01T16:52:09.907741Z", "no_price": 78, "no_price_dollars": "0.7800", "price": 0.22, "taker_side": "no", "ticker": "KXINX-26MAR02H1600-B6837", "trade_id": "207b1017-07c6-7731-21b8-c6931c50586c", "yes_price": 22, "yes_price_dollars": "0.2200"}
{"count": 51, "count_fp": "51.00", "created_time": "2026-03-01T16:51:59.9695Z", "no_price": 77, "no_price_dollars": "0.7700", "price": 0.23, "taker_side": "no", "ticker": "KXINX-26MAR02H1600-B6837", "trade_id": "714dd16c-b3c2-7f66-0689-ed3db37e9e4e", "yes_price": 23, "yes_price_dollars": "0.2300"}
{"count": 2, "count_fp": "2.00", "created_time": "2026-03-01T16:51:59.9695Z", "no_price": 77, "no_price_dollars": "0.7700", "price": 0.23, "taker_side": "no", "ticker": "KXINX-26MAR02H1600-B6837", "trade_id": "376478cc-afe3-70d8-200b-62dfdd2a0b10", "yes_price": 23, "yes_price_dollars": "0.2300"}
{"count": 3, "count_fp": "3.00", "created_time": "2026-03-01T16:51:59.9695Z", "no_price": 77, "no_price_dollars": "0.7700", "price": 0.23, "taker_side": "no", "ticker": "KXINX-26MAR02H1600-B6837", "trade_id": "2e68aba4-0a60-7467-16fc-5c4f7ad066ee", "yes_price": 23, "yes_price_dollars": "0.2300"}
{"count": 17, "count_fp": "17.00", "created_time": "2026-03-01T16:48:35.484814Z", "no_price": 72, "no_price_dollars": "0.7200", "price": 0.28, "taker_side": "yes", "ticker": "KXINX-26MAR02H1600-B6837", "trade_id": "2c794268-7de2-7d75-f818-fe9794bbdfff", "yes_price": 28, "yes_price_dollars": "0.2800"}
{"count": 3, "count_fp": "3.00", "created_time": "2026-03-01T16:40:35.195405Z", "no_price": 71, "no_price_dollars": "0.7100", "price": 0.29, "taker_side": "yes", "ticker": "KXINX-26MAR02H1600-B6837", "trade_id": "c1749017-ac12-5436-2933-01a46ce2b114", "yes_price": 29, "yes_price_dollars": "0.2900"}
{"count": 3, "count_fp": "3.00", "created_time": "2026-03-01T16:40:35.195405Z", "no_price": 71, "no_price_dollars": "0.7100", "price": 0.29, "taker_side": "yes", "ticker": "KXINX-26MAR02H1600-B6837", "trade_id": "a767a18f-5e6e-588b-2202-6635c1d5fc48", "yes_price": 29, "yes_price_dollars": "0.2900"}
{"count": 10, "count_fp": "10.00", "created_time": "2026-03-01T16:40:35.195405Z", "no_price": 71, "no_price_dollars": "0.7100", "price": 0.29, "taker_side": "yes", "ticker": "KXINX-26MAR02H1600-B6837", "trade_id": "889b6679-2781-5cfb-38a7-55a322a7c007", "yes_price": 29, "yes_price_dollars": "0.2900"}
{"count": 912, "count_fp": "912.00", "created_time": "2026-03-01T16:16:11.253666Z", "no_price": 80, "no_price_dollars": "0.8000", "price": 0.2, "taker_side": "yes", "ticker": "KXINX-26MAR02H1600-B6837", "trade_id": "c21ac710-6fad-44f2-45c8-2d07d648b130", "yes_price": 20, "yes_price_dollars": "0.2000"}
{"count": 8, "count_fp": "8.00", "created_time": "2026-03-01T16:16:11.253666Z", "no_price": 70, "no_price_dollars": "0.7000", "price": 0.3, "taker_side": "yes", "ticker": "KXINX-26MAR02H1600-B6837", "trade_id": "ade9b35d-04dd-4073-49ed-e1ba77a506f5", "yes_price": 30, "yes_price_dollars": "0.3000"}
{"count": 51, "count_fp": "51.00", "created_time": "2026-03-01T16:16:11.253666Z", "no_price": 81, "no_price_dollars": "0.8100", "price": 0.19, "taker_side": "yes", "ticker": "KXINX-26MAR02H1600-B6837", "trade_id": "a7d5e51c-a847-4176-7ead-b4add75f286e", "yes_price": 19, "yes_price_dollars": "0.1900"}
{"count": 51, "count_fp": "51.00", "created_time": "2026-03-01T16:01:38.877519Z", "no_price": 81, "no_price_dollars": "0.8100", "price": 0.19, "taker_side": "yes", "ticker": "KXINX-26MAR02H1600-B6837", "trade_id": "eff7e8a0-141b-5a61-a199-b0f75456283c", "yes_price": 19, "yes_price_dollars": "0.1900"}
{"count": 3, "count_fp": "3.00", "created_time": "2026-03-01T15:07:31.20317Z", "no_price": 97, "no_price_dollars": "0.9700", "price": 0.03, "taker_side": "no", "ticker": "KXINX-26MAR02H1600-B6837", "trade_id": "e98bff5d-21b7-6a57-baa6-9b4d6ac3f470", "yes_price": 3, "yes_price_dollars": "0.0300"}
{"count": 74, "count_fp": "74.00", "created_time": "2026-03-01T13:55:18.75307Z", "no_price": 87, "no_price_dollars": "0.8700", "price": 0.13, "taker_side": "yes", "ticker": "KXINX-26MAR02H1600-B6837", "trade_id": "f057ada9-3ccd-6c6a-4fd2-95414edc285f", "yes_price": 13, "yes_price_dollars": "0.1300"}
{"count": 12, "count_fp": "12.00", "created_time": "2026-03-01T04:32:54.98922Z", "no_price": 86, "no_price_dollars": "0.8600", "price": 0.14, "taker_side": "yes", "ticker": "KXINX-26MAR02H1600-B6837", "trade_id": "bb520178-ce1d-4e4e-9611-02a33fd21468", "yes_price": 14, "yes_price_dollars": "0.1400"}
{"count": 29, "count_fp": "29.00", "created_time": "2026-03-01T02:08:36.168952Z", "no_price": 85, "no_price_dollars": "0.8500", "price": 0.15, "taker_side": "yes", "ticker": "KXINX-26MAR02H1600-B6837", "trade_id": "541e57e7-58b5-750b-1519-680ebf71596d", "yes_price": 15, "yes_price_dollars": "0.1500"}
{"count": 12, "count_fp": "12.00", "created_time": "2026-03-01T23:42:14.349216Z", "no_price": 76, "no_price_dollars": "0.7600", "price": 0.24, "taker_side": "yes", "ticker": "KXINX-26MAR02H1600-B6812", "trade_id": "8c3b2119-ce2f-5f96-9200-ec78e1d760b9", "yes_price": 24, "yes_price_dollars": "0.2400"}
{"count": 19, "count_fp": "19.00", "created_time": "2026-03-01T23:35:20.181832Z", "no_price": 76, "no_price_dollars": "0.7600", "price": 0.24, "taker_side": "yes", "ticker": "KXINX-26MAR02H1600-B6812", "trade_id": "219322f9-173b-4cea-0f1d-4688512daee5", "yes_price": 24, "yes_price_dollars": "0.2400"}
{"count": 354, "count_fp": "354.00", "created_time": "2026-03-01T23:35:00.780654Z", "no_price": 76, "no_price_dollars": "0.7600", "price": 0.24, "taker_side": "yes", "ticker": "KXINX-26MAR02H1600-B6812", "trade_id": "4a19c823-dd97-5a4e-2d79-d95b5a966029", "yes_price": 24, "yes_price_dollars": "0.2400"}
{"count": 56, "count_fp": "56.00", "created_time": "2026-03-01T23:35:00.780654Z", "no_price": 78, "no_price_dollars": "0.7800", "price": 0.22, "taker_side": "yes", "ticker": "KXINX-26MAR02H1600-B6812", "trade_id": "16e64440-6853-582a-1e53-3193be8d638d", "yes_price": 22, "yes_price_dollars": "0.2200"}
{"count": 22, "count_fp": "22.00", "created_time": "2026-03-01T23:34:55.266242Z", "no_price": 78, "no_price_dollars": "0.7800", "price": 0.22, "taker_side": "yes", "ticker": "KXINX-26MAR02H1600-B6812", "trade_id": "fcb3dfbc-e9cf-4f9a-d508-7fcf32261075", "yes_price": 22, "yes_price_dollars": "0.2200"}
{"count": 110, "count_fp": "110.00", "created_time": "2026-03-01T23:25:21.849299Z", "no_price": 78, "no_price_dollars": "0.7800", "price": 0.22, "taker_side": "yes", "ticker": "KXINX-26MAR02H1600-B6812", "trade_id": "f8897e3f-2357-412a-37ea-7a2a1e7a9869", "yes_price": 22, "yes_price_dollars": "0.2200"}
{"count": 22, "count_fp": "22.00", "created_time": "2026-03-01T23:16:28.015098Z", "no_price": 78, "no_price_dollars": "0.7800", "price": 0.22, "taker_side": "yes", "ticker": "KXINX-26MAR02H1600-B6812", "trade_id": "79388192-907b-43f6-4d9e-d1200f56ed25", "yes_price": 22, "yes_price_dollars": "0.2200"}
{"count": 41, "count_fp": "41.00", "created_time": "2026-03-01T22:57:05.269546Z", "no_price": 78, "no_price_dollars": "0.7800", "price": 0.22, "taker_side": "yes", "ticker": "KXINX-26MAR02H1600-B6812", "trade_id": "b6fc2030-d757-466e-730e-b17ac93a8939", "yes_price": 22, "yes_price_dollars": "0.2200"}
{"count": 3, "count_fp": "3.00", "created_time": "2026-03-01T22:57:05.269546Z", "no_price": 79, "no_price_dollars": "0.7900", "price": 0.21, "taker_side": "yes", "ticker": "KXINX-26MAR02H1600-B6812", "trade_id": "92ad3b34-2e4f-4e73-6d09-500fd45e8124", "yes_price": 21, "yes_price_dollars": "0.2100"}
{"count": 8, "count_fp": "8.00", "created_time": "2026-03-01T22:51:40.840029Z", "no_price": 79, "no_price_dollars": "0.7900", "price": 0.21, "taker_side": "no", "ticker": "KXINX-26MAR02H1600-B6812", "trade_id": "35249492-7ab4-6222-456e-07b3a833541a", "yes_price": 21, "yes_price_dollars": "0.2100"}
{"count": 67, "count_fp": "67.00", "created_time": "2026-03-01T22:51:40.840029Z", "no_price": 79, "no_price_dollars": "0.7900", "price": 0.21, "taker_side": "no", "ticker": "KXINX-26MAR02H1600-B6812", "trade_id": "3493cf07-366e-62f2-600d-29fdc9ba9e2b", "yes_price": 21, "yes_price_dollars": "0.2100"}
{"count": 8, "count_fp": "8.00", "created_time": "2026-03-01T22:44:41.756464Z", "no_price": 78, "no_price_dollars": "0.7800", "price": 0.22, "taker_side": "yes", "ticker": "KXINX-26MAR02H1600-B6812", "trade_id": "7dc0fa47-c80f-4da2-7375-71613da8e5ed", "yes_price": 22, "yes_price_dollars": "0.2200"}
{"count": 1, "count_fp": "1.00", "created_time": "2026-03-01T22:42:04.658164Z", "no_price": 79, "no_price_dollars": "0.7900", "price": 0.21, "taker_side": "no", "ticker": "KXINX-26MAR02H1600-B6812", "trade_id": "32c1705c-e5b2-4f4e-5820-dc2ca0a7d00f", "yes_price": 21, "yes_price_dollars": "0.2100"}
{"count": 1, "count_fp": "1.00", "created_time": "2026-03-01T22:41:40.252661Z", "no_price": 79, "no_price_dollars": "0.7900", "price": 0.21, "taker_side": "no", "ticker": "KXINX-26MAR02H1600-B6812", "trade_id": "320b1672-e016-5186-2f25-4c21ca29ed2f", "yes_price": 21, "yes_price_dollars": "0.2100"}
{"count": 17, "count_fp": "17.00", "created_time": "2026-03-01T22:34:24.346269Z", "no_price": 78, "no_price_dollars": "0.7800", "price": 0.22, "taker_side": "yes", "ticker": "KXINX-26MAR02H1600-B6812", "trade_id": "3f99a1fe-f793-5662-0c1e-8599481caa6d", "yes_price": 22, "yes_price_dollars": "0.2200"}
{"count": 11, "count_fp": "11.00", "created_time": "2026-03-01T22:29:05.325163Z", "no_price": 78, "no_price_dollars": "0.7800", "price": 0.22, "taker_side": "yes", "ticker": "KXINX-26MAR02H1600-B6812", "trade_id": "d98faab5-632f-63f6-5f52-2b30aa662f75", "yes_price": 22, "yes_price_dollars": "0.2200"}
{"count": 1, "count_fp": "1.00", "created_time": "2026-03-01T22:21:27.006671Z", "no_price": 79, "no_price_dollars": "0.7900", "price": 0.21, "taker_side": "yes", "ticker": "KXINX-26MAR02H1600-B6812", "trade_id": "e933b7a9-6552-7bcc-f9b3-3281584a8146", "yes_price": 21, "yes_price_dollars": "0.2100"}
{"count": 50, "count_fp": "50.00", "created_time": "2026-03-01T22:21:27.006671Z", "no_price": 80, "no_price_dollars": "0.8000", "price": 0.2, "taker_side": "yes", "ticker": "KXINX-26MAR02H1600-B6812", "trade_id": "5ed0c92f-b30e-7cd1-f4df-0f7abc8ce34c", "yes_price": 20, "yes_price_dollars": "0.2000"}
{"count": 91, "count_fp": "91.00", "created_time": "2026-03-01T22:15:09.653117Z", "no_price": 80, "no_price_dollars": "0.8000", "price": 0.2, "taker_side": "yes", "ticker": "KXINX-26MAR02H1600-B6812", "trade_id": "a71b6a0e-ed66-51ab-d661-818e7c07ab7c", "yes_price": 20, "yes_price_dollars": "0.2000"}
{"count": 138, "count_fp": "138.00", "created_time": "2026-03-01T22:15:09.653117Z", "no_price": 78, "no_price_dollars": "0.7800", "price": 0.22, "taker_side": "yes", "ticker": "KXINX-26MAR02H1600-B6812", "trade_id": "55f83565-ecb3-5596-d6b8-66badc7221cd", "yes_price": 22, "yes_price_dollars": "0.2200"}
{"count": 9, "count_fp": "9.00", "created_time": "2026-03-01T22:13:52.037341Z", "no_price": 80, "no_price_dollars": "0.8000", "price": 0.2, "taker_side": "yes", "ticker": "KXINX-26MAR02H1600-B6812", "trade_id": "caf94558-2aca-7c07-70c9-820fddef8674", "yes_price": 20, "yes_price_dollars": "0.2000"}
{"count": 48, "count_fp": "48.00", "created_time": "2026-03-01T22:03:03.021418Z", "no_price": 77, "no_price_dollars": "0.7700", "price": 0.23, "taker_side": "yes", "ticker": "KXINX-26MAR02H1600-B6812", "trade_id": "e20727df-4dcf-6feb-793f-c5ffcf343f53", "yes_price": 23, "yes_price_dollars": "0.2300"}
{"count": 49, "count_fp": "49.00", "created_time": "2026-03-01T22:03:03.021418Z", "no_price": 76, "no_price_dollars": "0.7600", "price": 0.24, "taker_side": "yes", "ticker": "KXINX-26MAR02H1600-B6812", "trade_id": "7fe7d1e4-e13f-68c2-7bf5-6da2f9c50695", "yes_price": 24, "yes_price_dollars": "0.2400"}
{"count": 1, "count_fp": "1.00", "created_time": "2026-03-01T22:03:03.021418Z", "no_price": 77, "no_price_dollars": "0.7700", "price": 0.23, "taker_side": "yes", "ticker": "KXINX-26MAR02H1600-B6812", "trade_id": "15abecac-aaa8-6b50-6c85-4e3d5f93bf22", "yes_price": 23, "yes_price_dollars": "0.2300"}
{"count": 1, "count_fp": "1.00", "created_time": "2026-03-01T22:03:03.021418Z", "no_price": 77, "no_price_dollars": "0.7700", "price": 0.23, "taker_side": "yes", "ticker": "KXINX-26MAR02H1600-B6812", "trade_id": "0156fdd4-914c-6200-6c12-e072bbfc0c67", "yes_price": 23, "yes_price_dollars": "0.2300"}
{"count": 22, "count_fp": "22.00", "created_time": "2026-03-01T21:40:54.918698Z", "no_price": 80, "no_price_dollars": "0.8000", "price": 0.2, "taker_side": "yes", "ticker": "KXINX-26MAR02H1600-B6812", "trade_id": "ccd8b211-e16f-4d14-bf88-5b231361df31", "yes_price": 20, "yes_price_dollars": "0.2000"}
{"count": 1, "count_fp": "1.00", "created_time": "2026-03-01T21:28:31.780513Z", "no_price": 79, "no_price_dollars": "0.7900", "price": 0.21, "taker_side": "yes", "ticker": "KXINX-26MAR02H1600-B6812", "trade_id": "af04e9ea-d9fd-5294-5c17-fc127223591e", "yes_price": 21, "yes_price_dollars": "0.2100"}
{"count": 33, "count_fp": "33.00", "created_time": "2026-03-01T21:28:31.780513Z", "no_price": 76, "no_price_dollars": "0.7600", "price": 0.24, "taker_side": "yes", "ticker": "KXINX-26MAR02H1600-B6812", "trade_id": "ae4db6e7-dc87-52aa-6eb1-07917a464ec9", "yes_price": 24, "yes_price_dollars": "0.2400"}
{"count": 48, "count_fp": "48.00", "created_time": "2026-03-01T21:28:31.780513Z", "no_price": 77, "no_price_dollars": "0.7700", "price": 0.23, "taker_side": "yes", "ticker": "KXINX-26MAR02H1600-B6812", "trade_id": "983320a3-1d2a-57e3-5667-a80c44406728", "yes_price": 23, "yes_price_dollars": "0.2300"}
{"count": 1, "count_fp": "1.00", "created_time": "2026-03-01T21:28:31.780513Z", "no_price": 78, "no_price_dollars": "0.7800", "price": 0.22, "taker_side": "yes", "ticker": "KXINX-26MAR02H1600-B6812", "trade_id": "54cc5aad-25d3-54e4-6207-210bb17a4679", "yes_price": 22, "yes_price_dollars": "0.2200"}
{"count": 1, "count_fp": "1.00", "created_time": "2026-03-01T21:07:19.327975Z", "no_price": 78, "no_price_dollars": "0.7800", "price": 0.22, "taker_side": "yes", "ticker": "KXINX-26MAR02H1600-B6812", "trade_id": "400c0f87-dd37-770d-b8cc-1744b7eaf81b", "yes_price": 22, "yes_price_dollars": "0.2200"}
{"count": 21, "count_fp": "21.00", "created_time": "2026-03-01T21:07:19.327975Z", "no_price": 78, "no_price_dollars": "0.7800", "price": 0.22, "taker_side": "yes", "ticker": "KXINX-26MAR02H1600-B6812", "trade_id": "2d322242-5fc8-7e81-a3d9-303f2071fe86", "yes_price": 22, "yes_price_dollars": "0.2200"}
{"count": 44, "count_fp": "44.00", "created_time": "2026-03-01T20:59:02.059866Z", "no_price": 78, "no_price_dollars": "0.7800", "price": 0.22, "taker_side": "yes", "ticker": "KXINX-26MAR02H1600-B6812", "trade_id": "421a8ecf-4cc1-648c-68d3-e6234c00b9d2", "yes_price": 22, "yes_price_dollars": "0.2200"}
{"count": 3, "count_fp": "3.00", "created_time": "2026-03-01T19:24:48.779798Z", "no_price": 75, "no_price_dollars": "0.7500", "price": 0.25, "taker_side": "yes", "ticker": "KXINX-26MAR02H1600-B6812", "trade_id": "af97a35d-c4b3-478e-d4bf-708ee0f61342", "yes_price": 25, "yes_price_dollars": "0.2500"}
{"count": 8, "count_fp": "8.00", "created_time": "2026-03-01T19:17:41.822834Z", "no_price": 76, "no_price_dollars": "0.7600", "price": 0.24, "taker_side": "yes", "ticker": "KXINX-26MAR02H1600-B6812", "trade_id": "ec1d330c-8db8-4bef-2ca9-b9951f28be6e", "yes_price": 24, "yes_price_dollars": "0.2400"}
{"count": 480, "count_fp": "480.00", "created_time": "2026-03-01T18:58:15.630649Z", "no_price": 80, "no_price_dollars": "0.8000", "price": 0.2, "taker_side": "yes", "ticker": "KXINX-26MAR02H1600-B6812", "trade_id": "da1cedb1-8f06-4b10-0d3f-d3cfacbf34e4", "yes_price": 20, "yes_price_dollars": "0.2000"}
{"count": 200, "count_fp": "200.00", "created_time": "2026-03-01T18:58:15.630649Z", "no_price": 84, "no_price_dollars": "0.8400", "price": 0.16, "taker_side": "yes", "ticker": "KXINX-26MAR02H1600-B6812", "trade_id": "a9ba54cf-886d-4251-1267-a777812e522d", "yes_price": 16, "yes_price_dollars": "0.1600"}
{"count": 87, "count_fp": "87.00", "created_time": "2026-03-01T18:58:15.630649Z", "no_price": 72, "no_price_dollars": "0.7200", "price": 0.28, "taker_side": "yes", "ticker": "KXINX-26MAR02H1600-B6812", "trade_id": "232cd848-d714-410d-2300-870addea5370", "yes_price": 28, "yes_price_dollars": "0.2800"}
{"count": 247, "count_fp": "247.00", "created_time": "2026-03-01T18:58:15.630649Z", "no_price": 83, "no_price_dollars": "0.8300", "price": 0.17, "taker_side": "yes", "ticker": "KXINX-26MAR02H1600-B6812", "trade_id": "026e3e30-0bc0-4dab-0b5c-849414596837", "yes_price": 17, "yes_price_dollars": "0.1700"}
{"count": 253, "count_fp": "253.00", "created_time": "2026-03-01T18:19:33.292112Z", "no_price": 83, "no_price_dollars": "0.8300", "price": 0.17, "taker_side": "yes", "ticker": "KXINX-26MAR02H1600-B6812", "trade_id": "ea7400a0-5328-6ffb-6566-fa10197931b7", "yes_price": 17, "yes_price_dollars": "0.1700"}
{"count": 169, "count_fp": "169.00", "created_time": "2026-03-01T18:19:33.292112Z", "no_price": 84, "no_price_dollars": "0.8400", "price": 0.16, "taker_side": "yes", "ticker": "KXINX-26MAR02H1600-B6812", "trade_id": "307d61d4-c073-67ac-5354-ab383f021a73", "yes_price": 16, "yes_price_dollars": "0.1600"}
{"count": 5, "count_fp": "5.00", "created_time": "2026-03-01T17:58:06.985019Z", "no_price": 83, "no_price_dollars": "0.8300", "price": 0.17, "taker_side": "yes", "ticker": "KXINX-26MAR02H1600-B6812", "trade_id": "bb02bdc0-04a5-40a0-0e91-b8a8c2bb336e", "yes_price": 17, "yes_price_dollars": "0.1700"}
{"count": 2, "count_fp": "2.00", "created_time": "2026-03-01T17:55:58.01671Z", "no_price": 83, "no_price_dollars": "0.8300", "price": 0.17, "taker_side": "yes", "ticker": "KXINX-26MAR02H1600-B6812", "trade_id": "c6a8a1ec-2d09-70a4-19bb-29b24d815dfe", "yes_price": 17, "yes_price_dollars": "0.1700"}
{"count": 46, "count_fp": "46.00", "created_time": "2026-03-01T17:55:58.01671Z", "no_price": 84, "no_price_dollars": "0.8400", "price": 0.16, "taker_side": "yes", "ticker": "KXINX-26MAR02H1600-B6812", "trade_id": "82a8adb9-1c29-78ef-39f8-79e851eaa092", "yes_price": 16, "yes_price_dollars": "0.1600"}
{"count": 42, "count_fp": "42.00", "created_time": "2026-03-01T17:19:21.834592Z", "no_price": 84, "no_price_dollars": "0.8400", "price": 0.16, "taker_side": "yes", "ticker": "KXINX-26MAR02H1600-B6812", "trade_id": "da1bf347-692e-46e0-d7da-596d21daee5e", "yes_price": 16, "yes_price_dollars": "0.1600"}
{"count": 17, "count_fp": "17.00", "created_time": "2026-03-01T17:19:21.834592Z", "no_price": 83, "no_price_dollars": "0.8300", "price": 0.17, "taker_side": "yes", "ticker": "KXINX-26MAR02H1600-B6812", "trade_id": "693c0d1a-7885-4088-c710-8d7f577921e2", "yes_price": 17, "yes_price_dollars": "0.1700"}
{"count": 3, "count_fp": "3.00", "created_time": "2026-03-01T16:10:37.188572Z", "no_price": 87, "no_price_dollars": "0.8700", "price": 0.13, "taker_side": "yes", "ticker": "KXINX-26MAR02H1600-B6812", "trade_id": "9bde90a9-5fa8-70c8-402e-937b5f905d6b", "yes_price": 13, "yes_price_dollars": "0.1300"}
{"count": 31, "count_fp": "31.00", "created_time": "2026-03-01T16:10:37.188572Z", "no_price": 86, "no_price_dollars": "0.8600", "price": 0.14, "taker_side": "yes", "ticker": "KXINX-26MAR02H1600-B6812", "trade_id": "971ed1c2-0be3-7aec-6605-77d4c5f35e9f", "yes_price": 14, "yes_price_dollars": "0.1400"}
{"count": 18, "count_fp": "18.00", "created_time": "2026-03-01T15:50:14.134227Z", "no_price": 87, "no_price_dollars": "0.8700", "price": 0.13, "taker_side": "yes", "ticker": "KXINX-26MAR02H1600-B6812", "trade_id": "22e5b397-5944-63a4-f4ac-9a65534eed0b", "yes_price": 13, "yes_price_dollars": "0.1300"}
{"count": 20, "count_fp": "20.00", "created_time": "2026-03-01T15:41:59.328027Z", "no_price": 87, "no_price_dollars": "0.8700", "price": 0.13, "taker_side": "yes", "ticker": "KXINX-26MAR02H1600-B6812", "trade_id": "0de77d7b-0748-7d24-9810-e988b7b2e813", "yes_price": 13, "yes_price_dollars": "0.1300"}
{"count": 3, "count_fp": "3.00", "created_time": "2026-03-01T15:03:20.847369Z", "no_price": 92, "no_price_dollars": "0.9200", "price": 0.08, "taker_side": "no", "ticker": "KXINX-26MAR02H1600-B6812", "trade_id": "e6ef3e75-046f-6821-be06-5be3b41e58fb", "yes_price": 8, "yes_price_dollars": "0.0800"}
{"count": 80, "count_fp": "80.00", "created_time": "2026-03-01T13:53:27.174932Z", "no_price": 88, "no_price_dollars": "0.8800", "price": 0.12, "taker_side": "yes", "ticker": "KXINX-26MAR02H1600-B6812", "trade_id": "4bcef2f3-3994-4c04-19f5-c022285fbc3f", "yes_price": 12, "yes_price_dollars": "0.1200"}
{"count": 1, "count_fp": "1.00", "created_time": "2026-03-01T10:12:49.395106Z", "no_price": 88, "no_price_dollars": "0.8800", "price": 0.12, "taker_side": "yes", "ticker": "KXINX-26MAR02H1600-B6812", "trade_id": "4ccb00d3-e317-7f61-6fc2-1431cfd7a1dd", "yes_price": 12, "yes_price_dollars": "0.1200"}
{"count": 40, "count_fp": "40.00", "created_time": "2026-03-01T09:26:59.552978Z", "no_price": 88, "no_price_dollars": "0.8800", "price": 0.12, "taker_side": "yes", "ticker": "KXINX-26MAR02H1600-B6812", "trade_id": "2135b667-0cc3-5729-212e-5bac2fc273d1", "yes_price": 12, "yes_price_dollars": "0.1200"}
{"count": 16, "count_fp": "16.00", "created_time": "2026-03-01T08:48:43.655314Z", "no_price": 88, "no_price_dollars": "0.8800", "price": 0.12, "taker_side": "yes", "ticker": "KXINX-26MAR02H1600-B6812", "trade_id": "9039cf9e-0d13-7b49-27f0-f9806fc79d69", "yes_price": 12, "yes_price_dollars": "0.1200"}
{"count": 80, "count_fp": "80.00", "created_time": "2026-03-01T08:05:39.758542Z", "no_price": 87, "no_price_dollars": "0.8700", "price": 0.13, "taker_side": "yes", "ticker": "KXINX-26MAR02H1600-B6812", "trade_id": "c3797eb3-9f22-7be4-d15b-2cb5fcba4e28", "yes_price": 13, "yes_price_dollars": "0.1300"}
{"count": 115, "count_fp": "115.00", "created_time": "2026-03-01T08:05:39.758542Z", "no_price": 88, "no_price_dollars": "0.8800", "price": 0.12, "taker_side": "yes", "ticker": "KXINX-26MAR02H1600-B6812", "trade_id": "a4f66c9a-1a9c-7128-f573-d1cab6d066e8", "yes_price": 12, "yes_price_dollars": "0.1200"}
{"count": 192, "count_fp": "192.00", "created_time": "2026-03-01T03:57:25.81925Z", "no_price": 85, "no_price_dollars": "0.8500", "price": 0.15, "taker_side": "yes", "ticker": "KXINX-26MAR02H1600-B6812", "trade_id": "af4f34c7-1d5e-64b8-933e-c16de83691dc", "yes_price": 15, "yes_price_dollars": "0.1500"}
{"count": 140, "count_fp": "140.00", "created_time": "2026-03-01T03:57:25.81925Z", "no_price": 86, "no_price_dollars": "0.8600", "price": 0.14, "taker_side": "yes", "ticker": "KXINX-26MAR02H1600-B6812", "trade_id": "a8f03034-e98e-6d74-bb5d-4d2f2701eb0e", "yes_price": 14, "yes_price_dollars": "0.1400"}
{"count": 80, "count_fp": "80.00", "created_time": "2026-03-01T02:52:06.627783Z", "no_price": 86, "no_price_dollars": "0.8600", "price": 0.14, "taker_side": "yes", "ticker": "KXINX-26MAR02H1600-B6812", "trade_id": "b3b181d9-39da-48d7-c6f5-36cd7de4e2ef", "yes_price": 14, "yes_price_dollars": "0.1400"}
{"count": 248, "count_fp": "248.00", "created_time": "2026-03-01T02:52:06.627783Z", "no_price": 85, "no_price_dollars": "0.8500", "price": 0.15, "taker_side": "yes", "ticker": "KXINX-26MAR02H1600-B6812", "trade_id": "13eaca7e-c04e-42e4-ffb0-c25472208c50", "yes_price": 15, "yes_price_dollars": "0.1500"}
{"count": 1, "count_fp": "1.00", "created_time": "2026-03-01T23:08:40.514681Z", "no_price": 80, "no_price_dollars": "0.8000", "price": 0.2, "taker_side": "yes", "ticker": "KXINX-26MAR02H1600-B6787", "trade_id": "9ded8e32-ac2e-6185-bf19-394f873e35ea", "yes_price": 20, "yes_price_dollars": "0.2000"}
{"count": 62, "count_fp": "62.00", "created_time": "2026-03-01T22:52:17.302121Z", "no_price": 89, "no_price_dollars": "0.8900", "price": 0.11, "taker_side": "yes", "ticker": "KXINX-26MAR02H1600-B6787", "trade_id": "a87a4e97-13b4-697e-6b28-65f5fb3a7af1", "yes_price": 11, "yes_price_dollars": "0.1100"}
{"count": 17, "count_fp": "17.00", "created_time": "2026-03-01T22:30:58.162235Z", "no_price": 89, "no_price_dollars": "0.8900", "price": 0.11, "taker_side": "yes", "ticker": "KXINX-26MAR02H1600-B6787", "trade_id": "59a3eca1-f1b8-728a-e4b1-9973ccb38551", "yes_price": 11, "yes_price_dollars": "0.1100"}
{"count": 21, "count_fp": "21.00", "created_time": "2026-03-01T22:02:08.764387Z", "no_price": 89, "no_price_dollars": "0.8900", "price": 0.11, "taker_side": "yes", "ticker": "KXINX-26MAR02H1600-B6787", "trade_id": "f3ca1fa2-a9b0-6e3a-db7f-57ba0cc87d39", "yes_price": 11, "yes_price_dollars": "0.1100"}
{"count": 25, "count_fp": "25.00", "created_time": "2026-03-01T22:02:08.764387Z", "no_price": 90, "no_price_dollars": "0.9000", "price": 0.1, "taker_side": "yes", "ticker": "KXINX-26MAR02H1600-B6787", "trade_id": "5e2dddd5-3383-693e-e820-3443d6f73641", "yes_price": 10, "yes_price_dollars": "0.1000"}
{"count": 193, "count_fp": "193.00", "created_time": "2026-03-01T22:01:49.344072Z", "no_price": 90, "no_price_dollars": "0.9000", "price": 0.1, "taker_side": "yes", "ticker": "KXINX-26MAR02H1600-B6787", "trade_id": "0f60c23b-be23-7dd6-e025-f516dcfc921d", "yes_price": 10, "yes_price_dollars": "0.1000"}
{"count": 145, "count_fp": "145.00", "created_time": "2026-03-01T21:51:38.826906Z", "no_price": 90, "no_price_dollars": "0.9000", "price": 0.1, "taker_side": "yes", "ticker": "KXINX-26MAR02H1600-B6787", "trade_id": "904142ae-882f-7e42-4e8f-a3859802dee5", "yes_price": 10, "yes_price_dollars": "0.1000"}
{"count": 48, "count_fp": "48.00", "created_time": "2026-03-01T21:25:17.131481Z", "no_price": 90, "no_price_dollars": "0.9000", "price": 0.1, "taker_side": "yes", "ticker": "KXINX-26MAR02H1600-B6787", "trade_id": "df023fea-689f-6966-c7be-6d4d878d4bd1", "yes_price": 10, "yes_price_dollars": "0.1000"}
{"count": 48, "count_fp": "48.00", "created_time": "2026-03-01T21:24:19.87076Z", "no_price": 90, "no_price_dollars": "0.9000", "price": 0.1, "taker_side": "yes", "ticker": "KXINX-26MAR02H1600-B6787", "trade_id": "3db89f60-9ea7-4ce2-3c3b-7f841cf15439", "yes_price": 10, "yes_price_dollars": "0.1000"}
{"count": 9, "count_fp": "9.00", "created_time": "2026-03-01T21:16:40.334285Z", "no_price": 90, "no_price_dollars": "0.9000", "price": 0.1, "taker_side": "yes", "ticker": "KXINX-26MAR02H1600-B6787", "trade_id": "108cf657-552b-53ea-0d82-9e91ef33484d", "yes_price": 10, "yes_price_dollars": "0.1000"}
{"count": 9, "count_fp": "9.00", "created_time": "2026-03-01T21:16:29.591235Z", "no_price": 90, "no_price_dollars": "0.9000", "price": 0.1, "taker_side": "yes", "ticker": "KXINX-26MAR02H1600-B6787", "trade_id": "6cd88095-fbdb-608a-31d6-eafff0733391", "yes_price": 10, "yes_price_dollars": "0.1000"}
{"count": 193, "count_fp": "193.00", "created_time": "2026-03-01T18:02:49.882759Z", "no_price": 90, "no_price_dollars": "0.9000", "price": 0.1, "taker_side": "yes", "ticker": "KXINX-26MAR02H1600-B6787", "trade_id": "b72a4e15-6227-4cb2-0b3c-bc5341cbac15", "yes_price": 10, "yes_price_dollars": "0.1000"}
{"count": 9, "count_fp": "9.00", "created_time": "2026-03-01T17:57:31.545511Z", "no_price": 90, "no_price_dollars": "0.9000", "price": 0.1, "taker_side": "yes", "ticker": "KXINX-26MAR02H1600-B6787", "trade_id": "f569dd69-6b8f-62ba-8d67-fd506837f6e5", "yes_price": 10, "yes_price_dollars": "0.1000"}
{"count": 12, "count_fp": "12.00", "created_time": "2026-03-01T15:42:54.008775Z", "no_price": 90, "no_price_dollars": "0.9000", "price": 0.1, "taker_side": "yes", "ticker": "KXINX-26MAR02H1600-B6787", "trade_id": "083b7625-ca9f-4fb6-18f6-93ce7809a771", "yes_price": 10, "yes_price_dollars": "0.1000"}
{"count": 96, "count_fp": "96.00", "created_time": "2026-03-01T10:19:48.718757Z", "no_price": 90, "no_price_dollars": "0.9000", "price": 0.1, "taker_side": "yes", "ticker": "KXINX-26MAR02H1600-B6787", "trade_id": "1211467a-106b-44ca-ce90-58af75399ab5", "yes_price": 10, "yes_price_dollars": "0.1000"}
{"count": 83, "count_fp": "83.00", "created_time": "2026-03-01T04:36:45.35897Z", "no_price": 90, "no_price_dollars": "0.9000", "price": 0.1, "taker_side": "yes", "ticker": "KXINX-26MAR02H1600-B6787", "trade_id": "b5d521f7-460b-40b6-84de-5a260d2ad465", "yes_price": 10, "yes_price_dollars": "0.1000"}
{"count": 125, "count_fp": "125.00", "created_time": "2026-03-01T04:33:03.989532Z", "no_price": 90, "no_price_dollars": "0.9000", "price": 0.1, "taker_side": "yes", "ticker": "KXINX-26MAR02H1600-B6787", "trade_id": "20039625-8c1b-7612-660a-4fdb5692ed9d", "yes_price": 10, "yes_price_dollars": "0.1000"}
{"count": 20, "count_fp": "20.00", "created_time": "2026-03-01T23:06:40.594435Z", "no_price": 94, "no_price_dollars": "0.9400", "price": 0.06, "taker_side": "no", "ticker": "KXINX-26MAR02H1600-B6762", "trade_id": "99240cbd-1d3c-70c9-4ddd-8df4f4f89326", "yes_price": 6, "yes_price_dollars": "0.0600"}
{"count": 5, "count_fp": "5.00", "created_time": "2026-03-01T23:06:30.955569Z", "no_price": 79, "no_price_dollars": "0.7900", "price": 0.21, "taker_side": "yes", "ticker": "KXINX-26MAR02H1600-B6762", "trade_id": "413319c9-8cb9-4fcf-ba78-b3c0b7c55e4f", "yes_price": 21, "yes_price_dollars": "0.2100"}
{"count": 5, "count_fp": "5.00", "created_time": "2026-03-01T23:05:46.410339Z", "no_price": 79, "no_price_dollars": "0.7900", "price": 0.21, "taker_side": "yes", "ticker": "KXINX-26MAR02H1600-B6762", "trade_id": "749810b6-2a91-6957-6c98-bf6d84b3444b", "yes_price": 21, "yes_price_dollars": "0.2100"}
{"count": 5, "count_fp": "5.00", "created_time": "2026-03-01T23:05:31.86714Z", "no_price": 79, "no_price_dollars": "0.7900", "price": 0.21, "taker_side": "yes", "ticker": "KXINX-26MAR02H1600-B6762", "trade_id": "4a98e880-3e5d-5993-b9c1-b0fedcfb9783", "yes_price": 21, "yes_price_dollars": "0.2100"}
{"count": 5, "count_fp": "5.00", "created_time": "2026-03-01T23:05:23.223868Z", "no_price": 79, "no_price_dollars": "0.7900", "price": 0.21, "taker_side": "yes", "ticker": "KXINX-26MAR02H1600-B6762", "trade_id": "fdbe4bbd-d309-6eeb-7c81-a448a5e66a83", "yes_price": 21, "yes_price_dollars": "0.2100"}
{"count": 1, "count_fp": "1.00", "created_time": "2026-03-01T22:57:30.756946Z", "no_price": 79, "no_price_dollars": "0.7900", "price": 0.21, "taker_side": "yes", "ticker": "KXINX-26MAR02H1600-B6762", "trade_id": "e18c283b-cb52-4912-3c90-2c706648b532", "yes_price": 21, "yes_price_dollars": "0.2100"}
{"count": 44, "count_fp": "44.00", "created_time": "2026-03-01T22:57:30.756946Z", "no_price": 78, "no_price_dollars": "0.7800", "price": 0.22, "taker_side": "yes", "ticker": "KXINX-26MAR02H1600-B6762", "trade_id": "75885f42-1630-4ef0-05af-1335a8508d58", "yes_price": 22, "yes_price_dollars": "0.2200"}
{"count": 45, "count_fp": "45.00", "created_time": "2026-03-01T22:57:30.756946Z", "no_price": 79, "no_price_dollars": "0.7900", "price": 0.21, "taker_side": "yes", "ticker": "KXINX-26MAR02H1600-B6762", "trade_id": "69269253-f94a-4f80-06fd-2b8575aae3dc", "yes_price": 21, "yes_price_dollars": "0.2100"}
{"count": 16, "count_fp": "16.00", "created_time": "2026-03-01T22:32:31.179071Z", "no_price": 78, "no_price_dollars": "0.7800", "price": 0.22, "taker_side": "yes", "ticker": "KXINX-26MAR02H1600-B6762", "trade_id": "c9e58cb4-3e8c-58dd-8775-fe2cfac6bab2", "yes_price": 22, "yes_price_dollars": "0.2200"}
{"count": 45, "count_fp": "45.00", "created_time": "2026-03-01T22:21:27.180722Z", "no_price": 76, "no_price_dollars": "0.7600", "price": 0.24, "taker_side": "yes", "ticker": "KXINX-26MAR02H1600-B6762", "trade_id": "80286b4f-2d7b-6f67-6c9c-15f91b67c964", "yes_price": 24, "yes_price_dollars": "0.2400"}
{"count": 34, "count_fp": "34.00", "created_time": "2026-03-01T22:21:27.180722Z", "no_price": 76, "no_price_dollars": "0.7600", "price": 0.24, "taker_side": "yes", "ticker": "KXINX-26MAR02H1600-B6762", "trade_id": "5e43bb4b-44da-657c-6b65-01c27bef7434", "yes_price": 24, "yes_price_dollars": "0.2400"}
{"count": 1, "count_fp": "1.00", "created_time": "2026-03-01T22:21:27.180722Z", "no_price": 76, "no_price_dollars": "0.7600", "price": 0.24, "taker_side": "yes", "ticker": "KXINX-26MAR02H1600-B6762", "trade_id": "5cb2e6b4-a79b-6baa-518d-b2b316aa8191", "yes_price": 24, "yes_price_dollars": "0.2400"}
{"count": 18, "count_fp": "18.00", "created_time": "2026-03-01T21:57:27.116013Z", "no_price": 74, "no_price_dollars": "0.7400", "price": 0.26, "taker_side": "yes", "ticker": "KXINX-26MAR02H1600-B6762", "trade_id": "25e2bcab-250d-677c-2657-c57268788d6f", "yes_price": 26, "yes_price_dollars": "0.2600"}
{"count": 17, "count_fp": "17.00", "created_time": "2026-03-01T21:41:06.598813Z", "no_price": 72, "no_price_dollars": "0.7200", "price": 0.28, "taker_side": "yes", "ticker": "KXINX-26MAR02H1600-B6762", "trade_id": "ab3dcc0e-21a5-4bb1-af1a-2b0a0175c8a1", "yes_price": 28, "yes_price_dollars": "0.2800"}
{"count": 14, "count_fp": "14.00", "created_time": "2026-03-01T19:30:53.723691Z", "no_price": 67, "no_price_dollars": "0.6700", "price": 0.33, "taker_side": "yes", "ticker": "KXINX-26MAR02H1600-B6762", "trade_id": "747b05d5-db06-694e-70a9-53fa6f42de2a", "yes_price": 33, "yes_price_dollars": "0.3300"}
{"count": 24, "count_fp": "24.00", "created_time": "2026-03-01T17:19:45.583555Z", "no_price": 60, "no_price_dollars": "0.6000", "price": 0.4, "taker_side": "yes", "ticker": "KXINX-26MAR02H1600-B6762", "trade_id": "660b2dc5-b50c-7648-de0d-2564c7b91260", "yes_price": 40, "yes_price_dollars": "0.4000"}
{"count": 1, "count_fp": "1.00", "created_time": "2026-03-01T16:33:42.902799Z", "no_price": 57, "no_price_dollars": "0.5700", "price": 0.43, "taker_side": "yes", "ticker": "KXINX-26MAR02H1600-B6762", "trade_id": "f8a1142c-b4e8-7a86-e9e5-70c09fc58149", "yes_price": 43, "yes_price_dollars": "0.4300"}
{"count": 3, "count_fp": "3.00", "created_time": "2026-03-01T15:05:25.989915Z", "no_price": 97, "no_price_dollars": "0.9700", "price": 0.03, "taker_side": "no", "ticker": "KXINX-26MAR02H1600-B6762", "trade_id": "7d1b444f-2d67-500a-12fd-2ef328083138", "yes_price": 3, "yes_price_dollars": "0.0300"}
{"count": 1, "count_fp": "1.00", "created_time": "2026-03-01T14:56:08.434757Z", "no_price": 87, "no_price_dollars": "0.8700", "price": 0.13, "taker_side": "yes", "ticker": "KXINX-26MAR02H1600-B6762", "trade_id": "b477b98f-9512-417a-2bac-e1ef17939672", "yes_price": 13, "yes_price_dollars": "0.1300"}
{"count": 22, "count_fp": "22.00", "created_time": "2026-03-01T14:42:21.46765Z", "no_price": 87, "no_price_dollars": "0.8700", "price": 0.13, "taker_side": "yes", "ticker": "KXINX-26MAR02H1600-B6762", "trade_id": "d34648a1-617e-5cf6-f7d8-afd95d7a940e", "yes_price": 13, "yes_price_dollars": "0.1300"}
{"count": 52, "count_fp": "52.00", "created_time": "2026-03-01T14:42:21.46765Z", "no_price": 87, "no_price_dollars": "0.8700", "price": 0.13, "taker_side": "yes", "ticker": "KXINX-26MAR02H1600-B6762", "trade_id": "c4669638-376f-5196-d302-5bf1b9c1b266", "yes_price": 13, "yes_price_dollars": "0.1300"}
{"count": 357, "count_fp": "357.00", "created_time": "2026-03-01T14:29:52.327247Z", "no_price": 88, "no_price_dollars": "0.8800", "price": 0.12, "taker_side": "yes", "ticker": "KXINX-26MAR02H1600-B6762", "trade_id": "8e8f5d1e-f533-41fd-16e9-25ac83b73f75", "yes_price": 12, "yes_price_dollars": "0.1200"}
{"count": 125, "count_fp": "125.00", "created_time": "2026-03-01T14:29:28.896994Z", "no_price": 89, "no_price_dollars": "0.8900", "price": 0.11, "taker_side": "yes", "ticker": "KXINX-26MAR02H1600-B6762", "trade_id": "b77ede4c-dafd-7bf9-573e-bd0deace0781", "yes_price": 11, "yes_price_dollars": "0.1100"}
{"count": 1, "count_fp": "1.00", "created_time": "2026-03-01T14:28:57.713485Z", "no_price": 90, "no_price_dollars": "0.9000", "price": 0.1, "taker_side": "yes", "ticker": "KXINX-26MAR02H1600-B6762", "trade_id": "831fb6f3-8748-68e0-4335-94444aa4aec8", "yes_price": 10, "yes_price_dollars": "0.1000"}
{"count": 67, "count_fp": "67.00", "created_time": "2026-03-01T13:58:45.352131Z", "no_price": 88, "no_price_dollars": "0.8800", "price": 0.12, "taker_side": "yes", "ticker": "KXINX-26MAR02H1600-B6762", "trade_id": "066819db-e397-6b01-2046-57f78633b4e5", "yes_price": 12, "yes_price_dollars": "0.1200"}
{"count": 14, "count_fp": "14.00", "created_time": "2026-03-01T13:58:45.352131Z", "no_price": 89, "no_price_dollars": "0.8900", "price": 0.11, "taker_side": "yes", "ticker": "KXINX-26MAR02H1600-B6762", "trade_id": "03eb26cf-21aa-6973-2f1b-cecd1b4388bc", "yes_price": 11, "yes_price_dollars": "0.1100"}
{"count": 88, "count_fp": "88.00", "created_time": "2026-03-01T13:55:51.176809Z", "no_price": 89, "no_price_dollars": "0.8900", "price": 0.11, "taker_side": "yes", "ticker": "KXINX-26MAR02H1600-B6762", "trade_id": "fd1527da-59a2-6a73-daf2-cae5a342f9b0", "yes_price": 11, "yes_price_dollars": "0.1100"}
{"count": 70, "count_fp": "70.00", "created_time": "2026-03-01T04:04:21.236589Z", "no_price": 88, "no_price_dollars": "0.8800", "price": 0.12, "taker_side": "no", "ticker": "KXINX-26MAR02H1600-B6762", "trade_id": "569cc7a5-1ed8-4bed-c969-66177011a700", "yes_price": 12, "yes_price_dollars": "0.1200"}
{"count": 10, "count_fp": "10.00", "created_time": "2026-03-01T03:25:33.346971Z", "no_price": 88, "no_price_dollars": "0.8800", "price": 0.12, "taker_side": "no", "ticker": "KXINX-26MAR02H1600-B6762", "trade_id": "4b08ed8e-3d60-795d-7927-cd9d80e70670", "yes_price": 12, "yes_price_dollars": "0.1200"}
{"count": 62, "count_fp": "62.00", "created_time": "2026-03-01T03:21:21.829614Z", "no_price": 87, "no_price_dollars": "0.8700", "price": 0.13, "taker_side": "yes", "ticker": "KXINX-26MAR02H1600-B6762", "trade_id": "e5e2bb6b-47eb-71ed-1f44-d9dba5b4e61f", "yes_price": 13, "yes_price_dollars": "0.1300"}
{"count": 38, "count_fp": "38.00", "created_time": "2026-03-01T03:21:21.829614Z", "no_price": 87, "no_price_dollars": "0.8700", "price": 0.13, "taker_side": "yes", "ticker": "KXINX-26MAR02H1600-B6762", "trade_id": "df19a767-7077-7ada-0017-46831d550d7e", "yes_price": 13, "yes_price_dollars": "0.1300"}
{"count": 6, "count_fp": "6.00", "created_time": "2026-03-01T02:54:26.148891Z", "no_price": 87, "no_price_dollars": "0.8700", "price": 0.13, "taker_side": "yes", "ticker": "KXINX-26MAR02H1600-B6762", "trade_id": "c4be4d29-6f73-6065-91e1-188df89ffa72", "yes_price": 13, "yes_price_dollars": "0.1300"}
{"count": 31, "count_fp": "31.00", "created_time": "2026-03-01T02:54:26.148891Z", "no_price": 87, "no_price_dollars": "0.8700", "price": 0.13, "taker_side": "yes", "ticker": "KXINX-26MAR02H1600-B6762", "trade_id": "9a89c902-6313-60a5-a08e-1ce68ac87983", "yes_price": 13, "yes_price_dollars": "0.1300"}
{"count": 13, "count_fp": "13.00", "created_time": "2026-03-01T02:04:40.09264Z", "no_price": 88, "no_price_dollars": "0.8800", "price": 0.12, "taker_side": "yes", "ticker": "KXINX-26MAR02H1600-B6762", "trade_id": "e6a149a7-dadf-7292-82c4-cd4f2edb2f4f", "yes_price": 12, "yes_price_dollars": "0.1200"}
{"count": 37, "count_fp": "37.00", "created_time": "2026-03-01T01:41:51.35845Z", "no_price": 87, "no_price_dollars": "0.8700", "price": 0.13, "taker_side": "yes", "ticker": "KXINX-26MAR02H1600-B6762", "trade_id": "d30a463f-a777-59f9-0e4e-54d3ccfbc3ce", "yes_price": 13, "yes_price_dollars": "0.1300"}
{"count": 37, "count_fp": "37.00", "created_time": "2026-03-01T01:35:36.817214Z", "no_price": 87, "no_price_dollars": "0.8700", "price": 0.13, "taker_side": "yes", "ticker": "KXINX-26MAR02H1600-B6762", "trade_id": "182ffbe1-227b-75c9-26e2-e5f5ca3df592", "yes_price": 13, "yes_price_dollars": "0.1300"}
{"count": 48, "count_fp": "48.00", "created_time": "2026-03-01T22:35:39.789424Z", "no_price": 92, "no_price_dollars": "0.9200", "price": 0.08, "taker_side": "yes", "ticker": "KXINX-26MAR02H1600-B6737", "trade_id": "00c43924-323f-6f76-6a83-b90936d96636", "yes_price": 8, "yes_price_dollars": "0.0800"}
{"count": 17, "count_fp": "17.00", "created_time": "2026-03-01T22:32:02.548502Z", "no_price": 89, "no_price_dollars": "0.8900", "price": 0.11, "taker_side": "yes", "ticker": "KXINX-26MAR02H1600-B6712", "trade_id": "de1cb01a-680c-561e-f8e9-e5cfec8cae8c", "yes_price": 11, "yes_price_dollars": "0.1100"}
{"count": 120, "count_fp": "120.00", "created_time": "2026-03-01T22:21:27.309925Z", "no_price": 89, "no_price_dollars": "0.8900", "price": 0.11, "taker_side": "yes", "ticker": "KXINX-26MAR02H1600-B6712", "trade_id": "05e982a4-37b0-7c22-5476-1e8a4133e418", "yes_price": 11, "yes_price_dollars": "0.1100"}
{"count": 176, "count_fp": "176.00", "created_time": "2026-03-01T20:55:45.671398Z", "no_price": 89, "no_price_dollars": "0.8900", "price": 0.11, "taker_side": "yes", "ticker": "KXINX-26MAR02H1600-B6712", "trade_id": "365ba009-2a58-4a42-89d3-0f2ff344a610", "yes_price": 11, "yes_price_dollars": "0.1100"}
{"count": 100, "count_fp": "100.00", "created_time": "2026-03-01T04:29:01.792779Z", "no_price": 87, "no_price_dollars": "0.8700", "price": 0.13, "taker_side": "yes", "ticker": "KXINX-26MAR02H1600-B6712", "trade_id": "24d15286-b6a0-722e-bd1d-47b5c9bcebec", "yes_price": 13, "yes_price_dollars": "0.1300"}
{"count": 100, "count_fp": "100.00", "created_time": "2026-03-01T22:21:27.429167Z", "no_price": 92, "no_price_dollars": "0.9200", "price": 0.08, "taker_side": "yes", "ticker": "KXINX-26MAR02H1600-B6687", "trade_id": "85d5756a-41dd-7430-5cc5-9a07d510db52", "yes_price": 8, "yes_price_dollars": "0.0800"}
{"count": 302, "count_fp": "302.00", "created_time": "2026-03-01T21:14:29.049595Z", "no_price": 92, "no_price_dollars": "0.9200", "price": 0.08, "taker_side": "yes", "ticker": "KXINX-26MAR02H1600-B6687", "trade_id": "aa75f82c-6349-5d14-4472-66382087b9d2", "yes_price": 8, "yes_price_dollars": "0.0800"}
{"count": 12, "count_fp": "12.00", "created_time": "2026-03-01T19:16:50.496772Z", "no_price": 92, "no_price_dollars": "0.9200", "price": 0.08, "taker_side": "yes", "ticker": "KXINX-26MAR02H1600-B6687", "trade_id": "79220412-83dd-7868-83d5-c67f8132fc92", "yes_price": 8, "yes_price_dollars": "0.0800"}
{"count": 121, "count_fp": "121.00", "created_time": "2026-03-01T17:18:06.698568Z", "no_price": 92, "no_price_dollars": "0.9200", "price": 0.08, "taker_side": "yes", "ticker": "KXINX-26MAR02H1600-B6687", "trade_id": "52c0dd34-1bc9-50f0-49f9-012ab5438116", "yes_price": 8, "yes_price_dollars": "0.0800"}
{"count": 96, "count_fp": "96.00", "created_time": "2026-03-01T13:56:29.390489Z", "no_price": 90, "no_price_dollars": "0.9000", "price": 0.1, "taker_side": "yes", "ticker": "KXINX-26MAR02H1600-B6687", "trade_id": "1dd7b465-d14d-7b10-0457-d246e3dacfce", "yes_price": 10, "yes_price_dollars": "0.1000"}
{"count": 12, "count_fp": "12.00", "created_time": "2026-03-01T19:13:58.84186Z", "no_price": 92, "no_price_dollars": "0.9200", "price": 0.08, "taker_side": "yes", "ticker": "KXINX-26MAR02H1600-B6662", "trade_id": "e030116c-aa64-7f69-4d38-cfaae5405f76", "yes_price": 8, "yes_price_dollars": "0.0800"}
{"count": 96, "count_fp": "96.00", "created_time": "2026-03-01T22:21:15.078055Z", "no_price": 99, "no_price_dollars": "0.9900", "price": 0.01, "taker_side": "yes", "ticker": "KXINXU-26MAR02H1600-T7249.9999", "trade_id": "0ff71088-d540-6c60-fdc7-90f98e80e6a8", "yes_price": 1, "yes_price_dollars": "0.0100"}
{"count": 13, "count_fp": "13.00", "created_time": "2026-03-01T23:31:21.499062Z", "no_price": 89, "no_price_dollars": "0.8900", "price": 0.11, "taker_side": "no", "ticker": "KXINXU-26MAR02H1600-T6899.9999", "trade_id": "65a3a18d-be06-508c-7089-8e890442f33e", "yes_price": 11, "yes_price_dollars": "0.1100"}
{"count": 42, "count_fp": "42.00", "created_time": "2026-03-01T23:31:21.499062Z", "no_price": 90, "no_price_dollars": "0.9000", "price": 0.1, "taker_side": "no", "ticker": "KXINXU-26MAR02H1600-T6899.9999", "trade_id": "35c11b16-c03b-5a8b-6283-8b118a4d6693", "yes_price": 10, "yes_price_dollars": "0.1000"}
{"count": 1, "count_fp": "1.00", "created_time": "2026-03-01T23:16:06.940358Z", "no_price": 84, "no_price_dollars": "0.8400", "price": 0.16, "taker_side": "no", "ticker": "KXINXU-26MAR02H1600-T6899.9999", "trade_id": "bc85d201-d1b5-78aa-31ed-09f53c5ac0fc", "yes_price": 16, "yes_price_dollars": "0.1600"}
{"count": 1, "count_fp": "1.00", "created_time": "2026-03-01T22:08:49.075821Z", "no_price": 77, "no_price_dollars": "0.7700", "price": 0.23, "taker_side": "no", "ticker": "KXINXU-26MAR02H1600-T6899.9999", "trade_id": "429fca6b-f558-4208-5bcb-617a70cd2800", "yes_price": 23, "yes_price_dollars": "0.2300"}
{"count": 12, "count_fp": "12.00", "created_time": "2026-03-01T22:06:09.739678Z", "no_price": 77, "no_price_dollars": "0.7700", "price": 0.23, "taker_side": "no", "ticker": "KXINXU-26MAR02H1600-T6899.9999", "trade_id": "33e09c42-b348-7b28-6651-ae2277631abc", "yes_price": 23, "yes_price_dollars": "0.2300"}
{"count": 1, "count_fp": "1.00", "created_time": "2026-03-01T20:55:59.774424Z", "no_price": 76, "no_price_dollars": "0.7600", "price": 0.24, "taker_side": "yes", "ticker": "KXINXU-26MAR02H1600-T6899.9999", "trade_id": "10c24f21-f98a-46be-652e-7db6050ce156", "yes_price": 24, "yes_price_dollars": "0.2400"}
{"count": 32, "count_fp": "32.00", "created_time": "2026-03-01T20:52:07.130542Z", "no_price": 75, "no_price_dollars": "0.7500", "price": 0.25, "taker_side": "yes", "ticker": "KXINXU-26MAR02H1600-T6899.9999", "trade_id": "a41db975-a32b-59ac-5fff-79ab69bb4efe", "yes_price": 25, "yes_price_dollars": "0.2500"}
{"count": 47, "count_fp": "47.00", "created_time": "2026-03-01T20:52:07.130542Z", "no_price": 76, "no_price_dollars": "0.7600", "price": 0.24, "taker_side": "yes", "ticker": "KXINXU-26MAR02H1600-T6899.9999", "trade_id": "3f69f8c9-ef48-54a8-440b-296c7dc49b1c", "yes_price": 24, "yes_price_dollars": "0.2400"}
{"count": 40, "count_fp": "40.00", "created_time": "2026-03-01T20:07:56.184922Z", "no_price": 77, "no_price_dollars": "0.7700", "price": 0.23, "taker_side": "yes", "ticker": "KXINXU-26MAR02H1600-T6899.9999", "trade_id": "abf13e79-43f3-4736-a20e-0b996a03d5e1", "yes_price": 23, "yes_price_dollars": "0.2300"}
{"count": 41, "count_fp": "41.00", "created_time": "2026-03-01T18:01:41.481974Z", "no_price": 76, "no_price_dollars": "0.7600", "price": 0.24, "taker_side": "yes", "ticker": "KXINXU-26MAR02H1600-T6899.9999", "trade_id": "e3afa014-07a0-69c5-3891-36b2a5a267e0", "yes_price": 24, "yes_price_dollars": "0.2400"}
{"count": 27, "count_fp": "27.00", "created_time": "2026-03-01T15:17:53.945524Z", "no_price": 67, "no_price_dollars": "0.6700", "price": 0.33, "taker_side": "yes", "ticker": "KXINXU-26MAR02H1600-T6899.9999", "trade_id": "3584f3bd-3e31-4190-502d-dfa9c4b233ed", "yes_price": 33, "yes_price_dollars": "0.3300"}
{"count": 5, "count_fp": "5.00", "created_time": "2026-03-01T15:17:53.945524Z", "no_price": 68, "no_price_dollars": "0.6800", "price": 0.32, "taker_side": "yes", "ticker": "KXINXU-26MAR02H1600-T6899.9999", "trade_id": "022ab251-c9f9-49bf-5f80-f17c4c42218f", "yes_price": 32, "yes_price_dollars": "0.3200"}
{"count": 5, "count_fp": "5.00", "created_time": "2026-03-01T15:06:50.449577Z", "no_price": 89, "no_price_dollars": "0.8900", "price": 0.11, "taker_side": "no", "ticker": "KXINXU-26MAR02H1600-T6899.9999", "trade_id": "e2c9c820-95d6-4216-20d4-44e7ecdbf4ef", "yes_price": 11, "yes_price_dollars": "0.1100"}
{"count": 6, "count_fp": "6.00", "created_time": "2026-03-01T15:06:50.449577Z", "no_price": 90, "no_price_dollars": "0.9000", "price": 0.1, "taker_side": "no", "ticker": "KXINXU-26MAR02H1600-T6899.9999", "trade_id": "9f39693a-51ef-4f7f-1546-11d0ef9332a7", "yes_price": 10, "yes_price_dollars": "0.1000"}
{"count": 54, "count_fp": "54.00", "created_time": "2026-03-01T11:10:55.929122Z", "no_price": 64, "no_price_dollars": "0.6400", "price": 0.36, "taker_side": "yes", "ticker": "KXINXU-26MAR02H1600-T6899.9999", "trade_id": "c57bd743-eadf-4f28-ee0e-4fe16b8ca97b", "yes_price": 36, "yes_price_dollars": "0.3600"}
{"count": 6, "count_fp": "6.00", "created_time": "2026-03-01T06:25:14.053916Z", "no_price": 63, "no_price_dollars": "0.6300", "price": 0.37, "taker_side": "yes", "ticker": "KXINXU-26MAR02H1600-T6899.9999", "trade_id": "c71ba8bb-7336-5ff1-0e5b-98bc6d44a48f", "yes_price": 37, "yes_price_dollars": "0.3700"}
{"count": 1, "count_fp": "1.00", "created_time": "2026-03-01T05:21:46.600453Z", "no_price": 62, "no_price_dollars": "0.6200", "price": 0.38, "taker_side": "yes", "ticker": "KXINXU-26MAR02H1600-T6899.9999", "trade_id": "00d03afd-c697-6a41-1c54-b64089c8afca", "yes_price": 38, "yes_price_dollars": "0.3800"}
{"count": 25, "count_fp": "25.00", "created_time": "2026-03-01T23:16:28.861053Z", "no_price": 85, "no_price_dollars": "0.8500", "price": 0.15, "taker_side": "no", "ticker": "KXINXU-26MAR02H1600-T6874.9999", "trade_id": "b7bd5732-69e6-5874-bfdd-b524b1df7a23", "yes_price": 15, "yes_price_dollars": "0.1500"}
{"count": 2, "count_fp": "2.00", "created_time": "2026-03-01T23:16:28.861053Z", "no_price": 84, "no_price_dollars": "0.8400", "price": 0.16, "taker_side": "no", "ticker": "KXINXU-26MAR02H1600-T6874.9999", "trade_id": "8cd97ef4-5a19-5639-8d77-20880560f145", "yes_price": 16, "yes_price_dollars": "0.1600"}
{"count": 2, "count_fp": "2.00", "created_time": "2026-03-01T22:07:52.509988Z", "no_price": 74, "no_price_dollars": "0.7400", "price": 0.26, "taker_side": "no", "ticker": "KXINXU-26MAR02H1600-T6874.9999", "trade_id": "e9407468-ddba-470f-9c43-f45e45ed4174", "yes_price": 26, "yes_price_dollars": "0.2600"}
{"count": 5, "count_fp": "5.00", "created_time": "2026-03-01T22:07:52.509988Z", "no_price": 85, "no_price_dollars": "0.8500", "price": 0.15, "taker_side": "no", "ticker": "KXINXU-26MAR02H1600-T6874.9999", "trade_id": "926e00c2-eb4a-457c-88d1-9ca231d1b40b", "yes_price": 15, "yes_price_dollars": "0.1500"}
{"count": 100, "count_fp": "100.00", "created_time": "2026-03-01T22:07:52.509988Z", "no_price": 75, "no_price_dollars": "0.7500", "price": 0.25, "taker_side": "no", "ticker": "KXINXU-26MAR02H1600-T6874.9999", "trade_id": "2780ddb2-404b-4844-aa42-ce3a5f726922", "yes_price": 25, "yes_price_dollars": "0.2500"}
{"count": 4, "count_fp": "4.00", "created_time": "2026-03-01T21:35:30.699534Z", "no_price": 49, "no_price_dollars": "0.4900", "price": 0.51, "taker_side": "yes", "ticker": "KXINXU-26MAR02H1600-T6874.9999", "trade_id": "efc9ab17-268c-7d33-2934-0a2b4baf8f9a", "yes_price": 51, "yes_price_dollars": "0.5100"}
{"count": 5, "count_fp": "5.00", "created_time": "2026-03-01T21:35:30.699534Z", "no_price": 49, "no_price_dollars": "0.4900", "price": 0.51, "taker_side": "yes", "ticker": "KXINXU-26MAR02H1600-T6874.9999", "trade_id": "19e8282f-1c07-706d-3ff1-7a776b375c5f", "yes_price": 51, "yes_price_dollars": "0.5100"}
{"count": 8, "count_fp": "8.00", "created_time": "2026-03-01T21:35:30.699534Z", "no_price": 48, "no_price_dollars": "0.4800", "price": 0.52, "taker_side": "yes", "ticker": "KXINXU-26MAR02H1600-T6874.9999", "trade_id": "09cc693b-5034-750c-1cda-ad3c9d3d6c9a", "yes_price": 52, "yes_price_dollars": "0.5200"}
{"count": 1, "count_fp": "1.00", "created_time": "2026-03-01T21:34:56.071562Z", "no_price": 49, "no_price_dollars": "0.4900", "price": 0.51, "taker_side": "yes", "ticker": "KXINXU-26MAR02H1600-T6874.9999", "trade_id": "85655a76-3a2b-7e75-1bcd-b9452e47f76b", "yes_price": 51, "yes_price_dollars": "0.5100"}
{"count": 12, "count_fp": "12.00", "created_time": "2026-03-01T21:31:50.696681Z", "no_price": 82, "no_price_dollars": "0.8200", "price": 0.18, "taker_side": "no", "ticker": "KXINXU-26MAR02H1600-T6874.9999", "trade_id": "799e5573-5ca0-7239-e7b7-afec943d5384", "yes_price": 18, "yes_price_dollars": "0.1800"}
{"count": 65, "count_fp": "65.00", "created_time": "2026-03-01T21:31:50.696681Z", "no_price": 83, "no_price_dollars": "0.8300", "price": 0.17, "taker_side": "no", "ticker": "KXINXU-26MAR02H1600-T6874.9999", "trade_id": "596ba8e5-0107-7d00-d81a-4927346c4089", "yes_price": 17, "yes_price_dollars": "0.1700"}
{"count": 14, "count_fp": "14.00", "created_time": "2026-03-01T21:02:40.057514Z", "no_price": 49, "no_price_dollars": "0.4900", "price": 0.51, "taker_side": "yes", "ticker": "KXINXU-26MAR02H1600-T6874.9999", "trade_id": "ed5dc31b-04ab-6676-c6e2-239e4e7d911c", "yes_price": 51, "yes_price_dollars": "0.5100"}
{"count": 20, "count_fp": "20.00", "created_time": "2026-03-01T21:02:40.057514Z", "no_price": 49, "no_price_dollars": "0.4900", "price": 0.51, "taker_side": "yes", "ticker": "KXINXU-26MAR02H1600-T6874.9999", "trade_id": "d4ec0b84-cf83-6a91-f96d-93a1bf9f002e", "yes_price": 51, "yes_price_dollars": "0.5100"}
{"count": 12, "count_fp": "12.00", "created_time": "2026-03-01T21:02:40.057514Z", "no_price": 81, "no_price_dollars": "0.8100", "price": 0.19, "taker_side": "yes", "ticker": "KXINXU-26MAR02H1600-T6874.9999", "trade_id": "29039ef0-4a15-6ddc-ee91-7f21eb62deb0", "yes_price": 19, "yes_price_dollars": "0.1900"}
{"count": 59, "count_fp": "59.00", "created_time": "2026-03-01T20:13:44.698964Z", "no_price": 85, "no_price_dollars": "0.8500", "price": 0.15, "taker_side": "no", "ticker": "KXINXU-26MAR02H1600-T6874.9999", "trade_id": "65ef9277-330e-5104-1ff4-d89d49a62723", "yes_price": 15, "yes_price_dollars": "0.1500"}
{"count": 1, "count_fp": "1.00", "created_time": "2026-03-01T18:53:54.344677Z", "no_price": 80, "no_price_dollars": "0.8000", "price": 0.2, "taker_side": "yes", "ticker": "KXINXU-26MAR02H1600-T6874.9999", "trade_id": "a6dad1b2-44d2-6faf-d2ba-753e629772ec", "yes_price": 20, "yes_price_dollars": "0.2000"}
{"count": 1, "count_fp": "1.00", "created_time": "2026-03-01T07:29:06.215103Z", "no_price": 93, "no_price_dollars": "0.9300", "price": 0.07, "taker_side": "no", "ticker": "KXINXU-26MAR02H1600-T6874.9999", "trade_id": "5b1e5282-2869-5d2f-f55c-e3abf19d729b", "yes_price": 7, "yes_price_dollars": "0.0700"}
{"count": 50, "count_fp": "50.00", "created_time": "2026-03-01T04:22:36.313775Z", "no_price": 51, "no_price_dollars": "0.5100", "price": 0.49, "taker_side": "yes", "ticker": "KXINXU-26MAR02H1600-T6874.9999", "trade_id": "80875b11-01b7-5dad-37e7-2cf4035b210d", "yes_price": 49, "yes_price_dollars": "0.4900"}
{"count": 1, "count_fp": "1.00", "created_time": "2026-03-01T03:20:26.863226Z", "no_price": 88, "no_price_dollars": "0.8800", "price": 0.12, "taker_side": "no", "ticker": "KXINXU-26MAR02H1600-T6874.9999", "trade_id": "ea3aeb13-1695-4d5a-9af1-27fb04e0592c", "yes_price": 12, "yes_price_dollars": "0.1200"}
{"count": 374, "count_fp": "374.00", "created_time": "2026-03-01T03:20:26.863226Z", "no_price": 85, "no_price_dollars": "0.8500", "price": 0.15, "taker_side": "no", "ticker": "KXINXU-26MAR02H1600-T6874.9999", "trade_id": "da5c01ef-6ef5-45b9-9ae0-0cf175d76313", "yes_price": 15, "yes_price_dollars": "0.1500"}
{"count": 6, "count_fp": "6.00", "created_time": "2026-03-01T03:20:26.863226Z", "no_price": 89, "no_price_dollars": "0.8900", "price": 0.11, "taker_side": "no", "ticker": "KXINXU-26MAR02H1600-T6874.9999", "trade_id": "b8d75aa3-9226-4dc4-a520-ea3476c1e067", "yes_price": 11, "yes_price_dollars": "0.1100"}
{"count": 1, "count_fp": "1.00", "created_time": "2026-03-01T03:20:26.863226Z", "no_price": 90, "no_price_dollars": "0.9000", "price": 0.1, "taker_side": "no", "ticker": "KXINXU-26MAR02H1600-T6874.9999", "trade_id": "32d99686-b05f-45cf-b232-5c5e4253555c", "yes_price": 10, "yes_price_dollars": "0.1000"}
{"count": 172, "count_fp": "172.00", "created_time": "2026-03-01T03:20:26.863226Z", "no_price": 99, "no_price_dollars": "0.9900", "price": 0.01, "taker_side": "no", "ticker": "KXINXU-26MAR02H1600-T6874.9999", "trade_id": "02de50f1-a696-45df-a19d-a7ec18e4261b", "yes_price": 1, "yes_price_dollars": "0.0100"}
{"count": 11, "count_fp": "11.00", "created_time": "2026-03-01T03:20:02.705067Z", "no_price": 82, "no_price_dollars": "0.8200", "price": 0.18, "taker_side": "no", "ticker": "KXINXU-26MAR02H1600-T6874.9999", "trade_id": "ef9702fc-44b7-7898-458c-220d56f30308", "yes_price": 18, "yes_price_dollars": "0.1800"}
{"count": 148, "count_fp": "148.00", "created_time": "2026-03-01T03:20:02.705067Z", "no_price": 85, "no_price_dollars": "0.8500", "price": 0.15, "taker_side": "no", "ticker": "KXINXU-26MAR02H1600-T6874.9999", "trade_id": "8ea18013-73a9-7871-57ee-e53525617607", "yes_price": 15, "yes_price_dollars": "0.1500"}
{"count": 80, "count_fp": "80.00", "created_time": "2026-03-01T03:20:02.705067Z", "no_price": 79, "no_price_dollars": "0.7900", "price": 0.21, "taker_side": "no", "ticker": "KXINXU-26MAR02H1600-T6874.9999", "trade_id": "81c98a6d-adf2-7fed-4a5b-987d15e0a25b", "yes_price": 21, "yes_price_dollars": "0.2100"}
{"count": 25, "count_fp": "25.00", "created_time": "2026-03-01T00:56:21.909508Z", "no_price": 81, "no_price_dollars": "0.8100", "price": 0.19, "taker_side": "no", "ticker": "KXINXU-26MAR02H1600-T6874.9999", "trade_id": "6c85560c-f625-5081-4b95-12643cbc70e6", "yes_price": 19, "yes_price_dollars": "0.1900"}
{"count": 9, "count_fp": "9.00", "created_time": "2026-03-01T23:32:40.676032Z", "no_price": 68, "no_price_dollars": "0.6800", "price": 0.32, "taker_side": "yes", "ticker": "KXINXU-26MAR02H1600-T6849.9999", "trade_id": "a132c31b-20d6-6394-4f0c-94de8f472dcd", "yes_price": 32, "yes_price_dollars": "0.3200"}
{"count": 4, "count_fp": "4.00", "created_time": "2026-03-01T23:32:40.676032Z", "no_price": 69, "no_price_dollars": "0.6900", "price": 0.31, "taker_side": "yes", "ticker": "KXINXU-26MAR02H1600-T6849.9999", "trade_id": "4f191e08-f006-62c1-79a2-a59d40f7cbcd", "yes_price": 31, "yes_price_dollars": "0.3100"}
{"count": 2, "count_fp": "2.00", "created_time": "2026-03-01T23:32:40.676032Z", "no_price": 69, "no_price_dollars": "0.6900", "price": 0.31, "taker_side": "yes", "ticker": "KXINXU-26MAR02H1600-T6849.9999", "trade_id": "1eee0c47-960c-6920-54e2-d2c2c7a17fe0", "yes_price": 31, "yes_price_dollars": "0.3100"}
{"count": 17, "count_fp": "17.00", "created_time": "2026-03-01T23:32:33.186549Z", "no_price": 74, "no_price_dollars": "0.7400", "price": 0.26, "taker_side": "no", "ticker": "KXINXU-26MAR02H1600-T6849.9999", "trade_id": "a6934c09-a54d-6f4c-7474-289ca7c5bffe", "yes_price": 26, "yes_price_dollars": "0.2600"}
{"count": 5, "count_fp": "5.00", "created_time": "2026-03-01T23:32:33.186549Z", "no_price": 83, "no_price_dollars": "0.8300", "price": 0.17, "taker_side": "no", "ticker": "KXINXU-26MAR02H1600-T6849.9999", "trade_id": "91b9ed3f-98a8-69fd-589c-5ab8be0ab6f9", "yes_price": 17, "yes_price_dollars": "0.1700"}
{"count": 19, "count_fp": "19.00", "created_time": "2026-03-01T23:32:33.186549Z", "no_price": 85, "no_price_dollars": "0.8500", "price": 0.15, "taker_side": "no", "ticker": "KXINXU-26MAR02H1600-T6849.9999", "trade_id": "785d4f9f-1ea8-61aa-5e11-33a2a9ba8f1f", "yes_price": 15, "yes_price_dollars": "0.1500"}
{"count": 1, "count_fp": "1.00", "created_time": "2026-03-01T23:32:33.186549Z", "no_price": 73, "no_price_dollars": "0.7300", "price": 0.27, "taker_side": "no", "ticker": "KXINXU-26MAR02H1600-T6849.9999", "trade_id": "70c774c3-0659-6c3b-6878-554ece77e497", "yes_price": 27, "yes_price_dollars": "0.2700"}
{"count": 214, "count_fp": "214.00", "created_time": "2026-03-01T23:32:33.186549Z", "no_price": 75, "no_price_dollars": "0.7500", "price": 0.25, "taker_side": "no", "ticker": "KXINXU-26MAR02H1600-T6849.9999", "trade_id": "28441c58-2c22-6fb2-4893-35cf404155cf", "yes_price": 25, "yes_price_dollars": "0.2500"}
{"count": 1, "count_fp": "1.00", "created_time": "2026-03-01T23:28:59.45609Z", "no_price": 66, "no_price_dollars": "0.6600", "price": 0.34, "taker_side": "yes", "ticker": "KXINXU-26MAR02H1600-T6849.9999", "trade_id": "4616552b-1191-52a6-0140-d8557ccbfab6", "yes_price": 34, "yes_price_dollars": "0.3400"}
{"count": 1, "count_fp": "1.00", "created_time": "2026-03-01T23:28:59.45609Z", "no_price": 65, "no_price_dollars": "0.6500", "price": 0.35, "taker_side": "yes", "ticker": "KXINXU-26MAR02H1600-T6849.9999", "trade_id": "46006520-9a5e-5cc1-203e-4677377cbcf5", "yes_price": 35, "yes_price_dollars": "0.3500"}
{"count": 2, "count_fp": "2.00", "created_time": "2026-03-01T23:28:36.455361Z", "no_price": 66, "no_price_dollars": "0.6600", "price": 0.34, "taker_side": "yes", "ticker": "KXINXU-26MAR02H1600-T6849.9999", "trade_id": "94bbfd7d-cdd1-7046-e461-e4882d9c9c22", "yes_price": 34, "yes_price_dollars": "0.3400"}
{"count": 10, "count_fp": "10.00", "created_time": "2026-03-01T23:17:40.189662Z", "no_price": 73, "no_price_dollars": "0.7300", "price": 0.27, "taker_side": "no", "ticker": "KXINXU-26MAR02H1600-T6849.9999", "trade_id": "ff3c3719-705e-734a-89e6-f243729cdfa4", "yes_price": 27, "yes_price_dollars": "0.2700"}
{"count": 5, "count_fp": "5.00", "created_time": "2026-03-01T23:17:40.189662Z", "no_price": 73, "no_price_dollars": "0.7300", "price": 0.27, "taker_side": "no", "ticker": "KXINXU-26MAR02H1600-T6849.9999", "trade_id": "e3d9d390-c7de-74af-b9b3-18e409f90abd", "yes_price": 27, "yes_price_dollars": "0.2700"}
{"count": 28, "count_fp": "28.00", "created_time": "2026-03-01T23:17:40.189662Z", "no_price": 75, "no_price_dollars": "0.7500", "price": 0.25, "taker_side": "no", "ticker": "KXINXU-26MAR02H1600-T6849.9999", "trade_id": "3c0101c4-e602-7d8e-b96e-cbf7c3395c47", "yes_price": 25, "yes_price_dollars": "0.2500"}
{"count": 4, "count_fp": "4.00", "created_time": "2026-03-01T23:17:40.189662Z", "no_price": 73, "no_price_dollars": "0.7300", "price": 0.27, "taker_side": "no", "ticker": "KXINXU-26MAR02H1600-T6849.9999", "trade_id": "1c39e5a0-51a8-70ff-aefa-a5e8d5454010", "yes_price": 27, "yes_price_dollars": "0.2700"}
{"count": 80, "count_fp": "80.00", "created_time": "2026-03-01T23:17:40.189662Z", "no_price": 74, "no_price_dollars": "0.7400", "price": 0.26, "taker_side": "no", "ticker": "KXINXU-26MAR02H1600-T6849.9999", "trade_id": "105e4acb-f6aa-7405-a6ea-fa799d57a30b", "yes_price": 26, "yes_price_dollars": "0.2600"}
{"count": 6, "count_fp": "6.00", "created_time": "2026-03-01T23:17:40.189662Z", "no_price": 73, "no_price_dollars": "0.7300", "price": 0.27, "taker_side": "no", "ticker": "KXINXU-26MAR02H1600-T6849.9999", "trade_id": "0c5fcd61-0eca-7fd6-8348-46f741894c17", "yes_price": 27, "yes_price_dollars": "0.2700"}
{"count": 6, "count_fp": "6.00", "created_time": "2026-03-01T23:16:42.63084Z", "no_price": 73, "no_price_dollars": "0.7300", "price": 0.27, "taker_side": "no", "ticker": "KXINXU-26MAR02H1600-T6849.9999", "trade_id": "97f935b0-513a-51ca-eaf8-d4d2e50d1904", "yes_price": 27, "yes_price_dollars": "0.2700"}
{"count": 40, "count_fp": "40.00", "created_time": "2026-03-01T23:08:03.126646Z", "no_price": 36, "no_price_dollars": "0.3600", "price": 0.64, "taker_side": "yes", "ticker": "KXINXU-26MAR02H1600-T6849.9999", "trade_id": "e918f72e-4743-7ae8-d2e3-04da5e1d2647", "yes_price": 64, "yes_price_dollars": "0.6400"}
{"count": 4, "count_fp": "4.00", "created_time": "2026-03-01T23:08:03.126646Z", "no_price": 37, "no_price_dollars": "0.3700", "price": 0.63, "taker_side": "yes", "ticker": "KXINXU-26MAR02H1600-T6849.9999", "trade_id": "b011ccb5-ae54-7403-ca60-774642b3242e", "yes_price": 63, "yes_price_dollars": "0.6300"}
{"count": 60, "count_fp": "60.00", "created_time": "2026-03-01T23:08:03.126646Z", "no_price": 52, "no_price_dollars": "0.5200", "price": 0.48, "taker_side": "yes", "ticker": "KXINXU-26MAR02H1600-T6849.9999", "trade_id": "8c5d3478-1f27-760d-fe30-863aec622533", "yes_price": 48, "yes_price_dollars": "0.4800"}
{"count": 40, "count_fp": "40.00", "created_time": "2026-03-01T23:08:03.126646Z", "no_price": 53, "no_price_dollars": "0.5300", "price": 0.47, "taker_side": "yes", "ticker": "KXINXU-26MAR02H1600-T6849.9999", "trade_id": "75eb5f6d-16a6-701f-f2bf-3274070665e0", "yes_price": 47, "yes_price_dollars": "0.4700"}
{"count": 41, "count_fp": "41.00", "created_time": "2026-03-01T23:08:03.126646Z", "no_price": 53, "no_price_dollars": "0.5300", "price": 0.47, "taker_side": "yes", "ticker": "KXINXU-26MAR02H1600-T6849.9999", "trade_id": "15cac6f9-7ef6-7d67-dfc1-2a82f977e8c7", "yes_price": 47, "yes_price_dollars": "0.4700"}
{"count": 1, "count_fp": "1.00", "created_time": "2026-03-01T23:08:03.126646Z", "no_price": 36, "no_price_dollars": "0.3600", "price": 0.64, "taker_side": "yes", "ticker": "KXINXU-26MAR02H1600-T6849.9999", "trade_id": "05db42b2-7cce-721c-ed71-0008e47601a6", "yes_price": 64, "yes_price_dollars": "0.6400"}
{"count": 10, "count_fp": "10.00", "created_time": "2026-03-01T23:06:20.477096Z", "no_price": 53, "no_price_dollars": "0.5300", "price": 0.47, "taker_side": "yes", "ticker": "KXINXU-26MAR02H1600-T6849.9999", "trade_id": "d170669a-c416-70eb-d6d1-a568ad92bf87", "yes_price": 47, "yes_price_dollars": "0.4700"}
{"count": 14, "count_fp": "14.00", "created_time": "2026-03-01T23:03:41.641668Z", "no_price": 50, "no_price_dollars": "0.5000", "price": 0.5, "taker_side": "yes", "ticker": "KXINXU-26MAR02H1600-T6849.9999", "trade_id": "f45be0cc-2de2-73a2-4989-8acac6ed33e9", "yes_price": 50, "yes_price_dollars": "0.5000"}
{"count": 21, "count_fp": "21.00", "created_time": "2026-03-01T23:03:41.641668Z", "no_price": 36, "no_price_dollars": "0.3600", "price": 0.64, "taker_side": "yes", "ticker": "KXINXU-26MAR02H1600-T6849.9999", "trade_id": "acaece89-00bb-7234-589e-5252f996bfcb", "yes_price": 64, "yes_price_dollars": "0.6400"}
{"count": 32, "count_fp": "32.00", "created_time": "2026-03-01T23:03:41.641668Z", "no_price": 44, "no_price_dollars": "0.4400", "price": 0.56, "taker_side": "yes", "ticker": "KXINXU-26MAR02H1600-T6849.9999", "trade_id": "9bb5522f-be8b-70db-5c07-38333dfca468", "yes_price": 56, "yes_price_dollars": "0.5600"}
{"count": 20, "count_fp": "20.00", "created_time": "2026-03-01T23:03:41.641668Z", "no_price": 51, "no_price_dollars": "0.5100", "price": 0.49, "taker_side": "yes", "ticker": "KXINXU-26MAR02H1600-T6849.9999", "trade_id": "6d2763e8-5d29-7776-7f5e-96e17b12ee96", "yes_price": 49, "yes_price_dollars": "0.4900"}
{"count": 34, "count_fp": "34.00", "created_time": "2026-03-01T23:03:14.150796Z", "no_price": 51, "no_price_dollars": "0.5100", "price": 0.49, "taker_side": "yes", "ticker": "KXINXU-26MAR02H1600-T6849.9999", "trade_id": "e5579daa-3ef0-6535-50f9-c19c4b104c38", "yes_price": 49, "yes_price_dollars": "0.4900"}
{"count": 14, "count_fp": "14.00", "created_time": "2026-03-01T23:03:14.150796Z", "no_price": 50, "no_price_dollars": "0.5000", "price": 0.5, "taker_side": "yes", "ticker": "KXINXU-26MAR02H1600-T6849.9999", "trade_id": "0cbebb06-8ec2-60ee-4c65-f8fa19966611", "yes_price": 50, "yes_price_dollars": "0.5000"}
{"count": 20, "count_fp": "20.00", "created_time": "2026-03-01T22:55:42.339571Z", "no_price": 75, "no_price_dollars": "0.7500", "price": 0.25, "taker_side": "no", "ticker": "KXINXU-26MAR02H1600-T6849.9999", "trade_id": "ec8fa9c9-986e-4eae-0f66-dae46ff7a717", "yes_price": 25, "yes_price_dollars": "0.2500"}
{"count": 7, "count_fp": "7.00", "created_time": "2026-03-01T22:55:42.339571Z", "no_price": 74, "no_price_dollars": "0.7400", "price": 0.26, "taker_side": "no", "ticker": "KXINXU-26MAR02H1600-T6849.9999", "trade_id": "c1c3e27d-58e6-4da6-2f52-6a88d9ac9550", "yes_price": 26, "yes_price_dollars": "0.2600"}
{"count": 6, "count_fp": "6.00", "created_time": "2026-03-01T22:55:42.339571Z", "no_price": 74, "no_price_dollars": "0.7400", "price": 0.26, "taker_side": "no", "ticker": "KXINXU-26MAR02H1600-T6849.9999", "trade_id": "4031277e-e47a-4c51-0f41-c20981a996f7", "yes_price": 26, "yes_price_dollars": "0.2600"}
{"count": 10, "count_fp": "10.00", "created_time": "2026-03-01T22:49:23.269175Z", "no_price": 74, "no_price_dollars": "0.7400", "price": 0.26, "taker_side": "no", "ticker": "KXINXU-26MAR02H1600-T6849.9999", "trade_id": "26fd2bdb-53e6-4dae-5d1e-0ed746664cf0", "yes_price": 26, "yes_price_dollars": "0.2600"}
{"count": 84, "count_fp": "84.00", "created_time": "2026-03-01T22:42:01.72736Z", "no_price": 75, "no_price_dollars": "0.7500", "price": 0.25, "taker_side": "no", "ticker": "KXINXU-26MAR02H1600-T6849.9999", "trade_id": "e62d9689-a652-68ce-eeae-71c9e5996f7b", "yes_price": 25, "yes_price_dollars": "0.2500"}
{"count": 16, "count_fp": "16.00", "created_time": "2026-03-01T22:42:01.72736Z", "no_price": 69, "no_price_dollars": "0.6900", "price": 0.31, "taker_side": "no", "ticker": "KXINXU-26MAR02H1600-T6849.9999", "trade_id": "101eb314-3828-671b-c1b8-10dc615d87bc", "yes_price": 31, "yes_price_dollars": "0.3100"}
{"count": 10, "count_fp": "10.00", "created_time": "2026-03-01T22:32:27.795951Z", "no_price": 51, "no_price_dollars": "0.5100", "price": 0.49, "taker_side": "yes", "ticker": "KXINXU-26MAR02H1600-T6849.9999", "trade_id": "8217e876-eb7d-55de-95ce-51150198e017", "yes_price": 49, "yes_price_dollars": "0.4900"}
{"count": 100, "count_fp": "100.00", "created_time": "2026-03-01T22:10:30.702432Z", "no_price": 69, "no_price_dollars": "0.6900", "price": 0.31, "taker_side": "no", "ticker": "KXINXU-26MAR02H1600-T6849.9999", "trade_id": "c633c0a6-819c-4173-6e20-a5d62ad2ed51", "yes_price": 31, "yes_price_dollars": "0.3100"}
{"count": 29, "count_fp": "29.00", "created_time": "2026-03-01T22:10:30.702432Z", "no_price": 71, "no_price_dollars": "0.7100", "price": 0.29, "taker_side": "no", "ticker": "KXINXU-26MAR02H1600-T6849.9999", "trade_id": "980f7bb8-ba84-40ea-74e3-f3e14898d007", "yes_price": 29, "yes_price_dollars": "0.2900"}
{"count": 9, "count_fp": "9.00", "created_time": "2026-03-01T22:10:30.702432Z", "no_price": 68, "no_price_dollars": "0.6800", "price": 0.32, "taker_side": "no", "ticker": "KXINXU-26MAR02H1600-T6849.9999", "trade_id": "8380d8b0-f6cd-49a7-70e9-0572f7526f36", "yes_price": 32, "yes_price_dollars": "0.3200"}
{"count": 254, "count_fp": "254.00", "created_time": "2026-03-01T22:10:30.702432Z", "no_price": 75, "no_price_dollars": "0.7500", "price": 0.25, "taker_side": "no", "ticker": "KXINXU-26MAR02H1600-T6849.9999", "trade_id": "78407c6b-b62e-4b56-4538-03f30a22877f", "yes_price": 25, "yes_price_dollars": "0.2500"}
{"count": 1, "count_fp": "1.00", "created_time": "2026-03-01T22:10:30.702432Z", "no_price": 67, "no_price_dollars": "0.6700", "price": 0.33, "taker_side": "no", "ticker": "KXINXU-26MAR02H1600-T6849.9999", "trade_id": "74e54227-67f7-43b5-501d-f341b615af5f", "yes_price": 33, "yes_price_dollars": "0.3300"}
{"count": 7, "count_fp": "7.00", "created_time": "2026-03-01T22:10:30.702432Z", "no_price": 68, "no_price_dollars": "0.6800", "price": 0.32, "taker_side": "no", "ticker": "KXINXU-26MAR02H1600-T6849.9999", "trade_id": "42f64f6b-c765-4fd0-4aac-45c8bcdf6db8", "yes_price": 32, "yes_price_dollars": "0.3200"}
{"count": 9, "count_fp": "9.00", "created_time": "2026-03-01T22:09:20.472889Z", "no_price": 68, "no_price_dollars": "0.6800", "price": 0.32, "taker_side": "no", "ticker": "KXINXU-26MAR02H1600-T6849.9999", "trade_id": "fb7e95b1-8751-5214-5540-84fc01cfafb4", "yes_price": 32, "yes_price_dollars": "0.3200"}
{"count": 2, "count_fp": "2.00", "created_time": "2026-03-01T22:09:20.472889Z", "no_price": 68, "no_price_dollars": "0.6800", "price": 0.32, "taker_side": "no", "ticker": "KXINXU-26MAR02H1600-T6849.9999", "trade_id": "1a7218a3-df0b-5505-5501-b13118404ece", "yes_price": 32, "yes_price_dollars": "0.3200"}
{"count": 51, "count_fp": "51.00", "created_time": "2026-03-01T21:19:01.424634Z", "no_price": 62, "no_price_dollars": "0.6200", "price": 0.38, "taker_side": "yes", "ticker": "KXINXU-26MAR02H1600-T6849.9999", "trade_id": "e4091df4-7322-68f1-9bdf-f400b3c17cef", "yes_price": 38, "yes_price_dollars": "0.3800"}
{"count": 9, "count_fp": "9.00", "created_time": "2026-03-01T21:19:01.424634Z", "no_price": 36, "no_price_dollars": "0.3600", "price": 0.64, "taker_side": "yes", "ticker": "KXINXU-26MAR02H1600-T6849.9999", "trade_id": "9009ad4b-fde7-64e0-a4c2-f97bce77f8e7", "yes_price": 64, "yes_price_dollars": "0.6400"}
{"count": 1, "count_fp": "1.00", "created_time": "2026-03-01T21:19:01.424634Z", "no_price": 63, "no_price_dollars": "0.6300", "price": 0.37, "taker_side": "yes", "ticker": "KXINXU-26MAR02H1600-T6849.9999", "trade_id": "72c9c383-5bdf-621d-93ea-f6ea7fa36878", "yes_price": 37, "yes_price_dollars": "0.3700"}
