{"count": 56, "count_fp": "56.00", "created_time": "2026-02-19T13:40:10.929465Z", "no_price": 97, "no_price_dollars": "0.9700", "price": 0.03, "taker_side": "yes", "ticker": "KXINX-26FEB19H1600-T7174.9999", "trade_id": "5a81a038-f19b-533b-d25c-46d121e14ab0", "yes_price": 3, "yes_price_dollars": "0.0300"}
{"count": 56, "count_fp": "56.00", "created_time": "2026-02-19T13:40:10.97563Z", "no_price": 97, "no_price_dollars": "0.9700", "price": 0.03, "taker_side": "yes", "ticker": "KXINX-26FEB19H1600-T6475", "trade_id": "1073046d-def7-7414-d9e9-ffe7b80e9fc0", "yes_price": 3, "yes_price_dollars": "0.0300"}
{"count": 3, "count_fp": "3.00", "created_time": "2026-02-19T03:30:58.387883Z", "no_price": 69, "no_price_dollars": "0.6900", "price": 0.31, "taker_side": "yes", "ticker": "KXINX-26FEB19H1600-T6475", "trade_id": "dfdd5789-0c81-7786-0d3f-e2436864dd57", "yes_price": 31, "yes_price_dollars": "0.3100"}
{"count": 3, "count_fp": "3.00", "created_time": "2026-02-19T20:53:21.6841Z", "no_price": 99, "no_price_dollars": "0.9900", "price": 0.01, "taker_side": "yes", "ticker": "KXINX-26FEB19H1600-B7162", "trade_id": "b8ba28af-fb18-5df1-2d06-c25f94dfa8c9", "yes_price": 1, "yes_price_dollars": "0.0100"}
{"count": 3, "count_fp": "3.00", "created_time": "2026-02-19T20:51:08.652145Z", "no_price": 99, "no_price_dollars": "0.9900", "price": 0.01, "taker_side": "yes", "ticker": "KXINX-26FEB19H1600-B7162", "trade_id": "cc8d89ca-ee58-5ec5-998a-ed4f39d17abd", "yes_price": 1, "yes_price_dollars": "0.0100"}
{"count": 4, "count_fp": "4.00", "created_time": "2026-02-19T20:46:39.501708Z", "no_price": 99, "no_price_dollars": "0.9900", "price": 0.01, "taker_side": "yes", "ticker": "KXINX-26FEB19H1600-B7162", "trade_id": "0df56304-1a1c-5561-eaa9-28d37a6f8ad1", "yes_price": 1, "yes_price_dollars": "0.0100"}
{"count": 5, "count_fp": "5.00", "created_time": "2026-02-19T20:46:30.273661Z", "no_price": 99, "no_price_dollars": "0.9900", "price": 0.01, "taker_side": "yes", "ticker": "KXINX-26FEB19H1600-B7162", "trade_id": "7e4462c9-6b34-557d-2480-b1947b77f88d", "yes_price": 1, "yes_price_dollars": "0.0100"}
{"count": 3, "count_fp": "3.00", "created_time": "2026-02-19T20:53:21.561008Z", "no_price": 99, "no_price_dollars": "0.9900", "price": 0.01, "taker_side": "yes", "ticker": "KXINX-26FEB19H1600-B7137", "trade_id": "44730a8b-5e56-44cf-bfa8-485e2932abf0", "yes_price": 1, "yes_price_dollars": "0.0100"}
{"count": 3, "count_fp": "3.00", "created_time": "2026-02-19T20:51:08.561701Z", "no_price": 99, "no_price_dollars": "0.9900", "price": 0.01, "taker_side": "yes", "ticker": "KXINX-26FEB19H1600-B7137", "trade_id": "6c03d4bc-e802-63d3-fe14-8ab09a7482a0", "yes_price": 1, "yes_price_dollars": "0.0100"}
{"count": 4, "count_fp": "4.00", "created_time": "2026-02-19T20:46:39.361925Z", "no_price": 99, "no_price_dollars": "0.9900", "price": 0.01, "taker_side": "yes", "ticker": "KXINX-26FEB19H1600-B7137", "trade_id": "3dd16d4d-35a6-6bef-beb5-1ae861b12bbc", "yes_price": 1, "yes_price_dollars": "0.0100"}
{"count": 5, "count_fp": "5.00", "created_time": "2026-02-19T20:46:30.075307Z", "no_price": 99, "no_price_dollars": "0.9900", "price": 0.01, "taker_side": "yes", "ticker": "KXINX-26FEB19H1600-B7137", "trade_id": "80503154-242a-671f-cea8-0461ef2c520c", "yes_price": 1, "yes_price_dollars": "0.0100"}
{"count": 3, "count_fp": "3.00", "created_time": "2026-02-19T20:53:21.461214Z", "no_price": 99, "no_price_dollars": "0.9900", "price": 0.01, "taker_side": "yes", "ticker": "KXINX-26FEB19H1600-B7112", "trade_id": "8bd75784-4578-4c49-13ff-7cd6c7803d0b", "yes_price": 1, "yes_price_dollars": "0.0100"}
{"count": 3, "count_fp": "3.00", "created_time": "2026-02-19T20:51:08.314407Z", "no_price": 99, "no_price_dollars": "0.9900", "price": 0.01, "taker_side": "yes", "ticker": "KXINX-26FEB19H1600-B7112", "trade_id": "7c6dd8e5-1c20-5449-306d-9a588bf8cb8f", "yes_price": 1, "yes_price_dollars": "0.0100"}
{"count": 4, "count_fp": "4.00", "created_time": "2026-02-19T20:46:39.154917Z", "no_price": 99, "no_price_dollars": "0.9900", "price": 0.01, "taker_side": "yes", "ticker": "KXINX-26FEB19H1600-B7112", "trade_id": "e7864ad1-4028-5ead-701f-1452f9773b47", "yes_price": 1, "yes_price_dollars": "0.0100"}
{"count": 5, "count_fp": "5.00", "created_time": "2026-02-19T20:46:29.974553Z", "no_price": 99, "no_price_dollars": "0.9900", "price": 0.01, "taker_side": "yes", "ticker": "KXINX-26FEB19H1600-B7112", "trade_id": "4e30a14f-41f8-7a01-94df-036655ccc3d3", "yes_price": 1, "yes_price_dollars": "0.0100"}
{"count": 3, "count_fp": "3.00", "created_time": "2026-02-19T20:53:21.356604Z", "no_price": 99, "no_price_dollars": "0.9900", "price": 0.01, "taker_side": "yes", "ticker": "KXINX-26FEB19H1600-B7087", "trade_id": "1e51fe45-b6a4-6e1f-aa4c-1d590d167a33", "yes_price": 1, "yes_price_dollars": "0.0100"}
{"count": 3, "count_fp": "3.00", "created_time": "2026-02-19T20:51:08.211253Z", "no_price": 99, "no_price_dollars": "0.9900", "price": 0.01, "taker_side": "yes", "ticker": "KXINX-26FEB19H1600-B7087", "trade_id": "44aa03f4-4160-5bd3-4215-d4f7b0ead0ab", "yes_price": 1, "yes_price_dollars": "0.0100"}
{"count": 4, "count_fp": "4.00", "created_time": "2026-02-19T20:46:39.059695Z", "no_price": 99, "no_price_dollars": "0.9900", "price": 0.01, "taker_side": "yes", "ticker": "KXINX-26FEB19H1600-B7087", "trade_id": "669db061-1c28-5b33-7f16-319650b986ab", "yes_price": 1, "yes_price_dollars": "0.0100"}
{"count": 5, "count_fp": "5.00", "created_time": "2026-02-19T20:46:29.872244Z", "no_price": 99, "no_price_dollars": "0.9900", "price": 0.01, "taker_side": "yes", "ticker": "KXINX-26FEB19H1600-B7087", "trade_id": "b79758f9-837c-53e7-c837-c800c6a04f53", "yes_price": 1, "yes_price_dollars": "0.0100"}
{"count": 3, "count_fp": "3.00", "created_time": "2026-02-19T20:53:21.495408Z", "no_price": 98, "no_price_dollars": "0.9800", "price": 0.02, "taker_side": "no", "ticker": "KXINX-26FEB19H1600-B7062", "trade_id": "824295fe-e392-43c3-1eb3-46c59ff5624c", "yes_price": 2, "yes_price_dollars": "0.0200"}
{"count": 4, "count_fp": "4.00", "created_time": "2026-02-19T20:46:39.939467Z", "no_price": 98, "no_price_dollars": "0.9800", "price": 0.02, "taker_side": "no", "ticker": "KXINX-26FEB19H1600-B7062", "trade_id": "7b1a7794-b49f-5662-f856-a9c634043200", "yes_price": 2, "yes_price_dollars": "0.0200"}
{"count": 5, "count_fp": "5.00", "created_time": "2026-02-19T20:46:30.919228Z", "no_price": 98, "no_price_dollars": "0.9800", "price": 0.02, "taker_side": "no", "ticker": "KXINX-26FEB19H1600-B7062", "trade_id": "843ddf8c-ce80-6e56-d817-fd0f917fe261", "yes_price": 2, "yes_price_dollars": "0.0200"}
{"count": 3, "count_fp": "3.00", "created_time": "2026-02-19T20:53:31.883324Z", "no_price": 97, "no_price_dollars": "0.9700", "price": 0.03, "taker_side": "yes", "ticker": "KXINX-26FEB19H1600-B7037", "trade_id": "6cf7e7e9-a28c-7c5f-b161-3f0546f4d31d", "yes_price": 3, "yes_price_dollars": "0.0300"}
{"count": 3, "count_fp": "3.00", "created_time": "2026-02-19T20:53:21.496528Z", "no_price": 98, "no_price_dollars": "0.9800", "price": 0.02, "taker_side": "no", "ticker": "KXINX-26FEB19H1600-B7037", "trade_id": "ed972f96-0e3d-4e2e-0cfb-90f30a605f01", "yes_price": 2, "yes_price_dollars": "0.0200"}
{"count": 3, "count_fp": "3.00", "created_time": "2026-02-19T20:51:08.026596Z", "no_price": 99, "no_price_dollars": "0.9900", "price": 0.01, "taker_side": "no", "ticker": "KXINX-26FEB19H1600-B7037", "trade_id": "ae128116-f352-5990-14ba-e668b57aef95", "yes_price": 1, "yes_price_dollars": "0.0100"}
{"count": 4, "count_fp": "4.00", "created_time": "2026-02-19T20:46:39.939867Z", "no_price": 98, "no_price_dollars": "0.9800", "price": 0.02, "taker_side": "no", "ticker": "KXINX-26FEB19H1600-B7037", "trade_id": "fe927065-c2d8-4815-1c3c-74a076432b29", "yes_price": 2, "yes_price_dollars": "0.0200"}
{"count": 5, "count_fp": "5.00", "created_time": "2026-02-19T20:46:29.697318Z", "no_price": 98, "no_price_dollars": "0.9800", "price": 0.02, "taker_side": "no", "ticker": "KXINX-26FEB19H1600-B7037", "trade_id": "e02906f9-ed98-6323-c005-c48470c03c5b", "yes_price": 2, "yes_price_dollars": "0.0200"}
{"count": 3, "count_fp": "3.00", "created_time": "2026-02-19T20:53:31.783725Z", "no_price": 97, "no_price_dollars": "0.9700", "price": 0.03, "taker_side": "yes", "ticker": "KXINX-26FEB19H1600-B7012", "trade_id": "cca4da67-5a12-4285-1bc6-d84e34b65105", "yes_price": 3, "yes_price_dollars": "0.0300"}
{"count": 3, "count_fp": "3.00", "created_time": "2026-02-19T20:53:21.495467Z", "no_price": 98, "no_price_dollars": "0.9800", "price": 0.02, "taker_side": "no", "ticker": "KXINX-26FEB19H1600-B7012", "trade_id": "097915fb-98be-4865-6309-e82766f6f5bd", "yes_price": 2, "yes_price_dollars": "0.0200"}
{"count": 3, "count_fp": "3.00", "created_time": "2026-02-19T20:51:08.026635Z", "no_price": 99, "no_price_dollars": "0.9900", "price": 0.01, "taker_side": "no", "ticker": "KXINX-26FEB19H1600-B7012", "trade_id": "b25003c1-a139-6ac1-0ecd-95a47fb7c66e", "yes_price": 1, "yes_price_dollars": "0.0100"}
{"count": 4, "count_fp": "4.00", "created_time": "2026-02-19T20:46:39.943253Z", "no_price": 98, "no_price_dollars": "0.9800", "price": 0.02, "taker_side": "no", "ticker": "KXINX-26FEB19H1600-B7012", "trade_id": "2ff00fc4-ce5b-54c2-7768-f35150936f28", "yes_price": 2, "yes_price_dollars": "0.0200"}
{"count": 5, "count_fp": "5.00", "created_time": "2026-02-19T20:46:29.573499Z", "no_price": 98, "no_price_dollars": "0.9800", "price": 0.02, "taker_side": "yes", "ticker": "KXINX-26FEB19H1600-B7012", "trade_id": "69fea8ac-3592-6278-d473-a7455d5b32ca", "yes_price": 2, "yes_price_dollars": "0.0200"}
{"count": 3, "count_fp": "3.00", "created_time": "2026-02-19T20:53:31.686696Z", "no_price": 97, "no_price_dollars": "0.9700", "price": 0.03, "taker_side": "yes", "ticker": "KXINX-26FEB19H1600-B6987", "trade_id": "822355ff-fc6b-75fc-b6aa-0767b6d4b8d4", "yes_price": 3, "yes_price_dollars": "0.0300"}
{"count": 3, "count_fp": "3.00", "created_time": "2026-02-19T20:53:21.495491Z", "no_price": 98, "no_price_dollars": "0.9800", "price": 0.02, "taker_side": "no", "ticker": "KXINX-26FEB19H1600-B6987", "trade_id": "197a5953-9abe-5771-6950-3f073d413512", "yes_price": 2, "yes_price_dollars": "0.0200"}
{"count": 3, "count_fp": "3.00", "created_time": "2026-02-19T20:51:08.026569Z", "no_price": 99, "no_price_dollars": "0.9900", "price": 0.01, "taker_side": "no", "ticker": "KXINX-26FEB19H1600-B6987", "trade_id": "58614af6-9a38-4265-8d29-5bc482b6d464", "yes_price": 1, "yes_price_dollars": "0.0100"}
{"count": 4, "count_fp": "4.00", "created_time": "2026-02-19T20:46:38.724732Z", "no_price": 98, "no_price_dollars": "0.9800", "price": 0.02, "taker_side": "no", "ticker": "KXINX-26FEB19H1600-B6987", "trade_id": "a24a4e60-e452-5ae5-8f67-4c91edc4bd7c", "yes_price": 2, "yes_price_dollars": "0.0200"}
{"count": 5, "count_fp": "5.00", "created_time": "2026-02-19T20:46:29.466408Z", "no_price": 98, "no_price_dollars": "0.9800", "price": 0.02, "taker_side": "yes", "ticker": "KXINX-26FEB19H1600-B6987", "trade_id": "71461186-38b9-769a-f457-982abdd5a7d4", "yes_price": 2, "yes_price_dollars": "0.0200"}
{"count": 3, "count_fp": "3.00", "created_time": "2026-02-19T20:53:31.488937Z", "no_price": 99, "no_price_dollars": "0.9900", "price": 0.01, "taker_side": "yes", "ticker": "KXINX-26FEB19H1600-B6962", "trade_id": "f2f3fdd3-be1f-5861-554f-95c5e13534a0", "yes_price": 1, "yes_price_dollars": "0.0100"}
{"count": 3, "count_fp": "3.00", "created_time": "2026-02-19T20:53:20.740731Z", "no_price": 99, "no_price_dollars": "0.9900", "price": 0.01, "taker_side": "yes", "ticker": "KXINX-26FEB19H1600-B6962", "trade_id": "dd3077f5-2a3b-6265-8cd9-1c66435e4a44", "yes_price": 1, "yes_price_dollars": "0.0100"}
{"count": 3, "count_fp": "3.00", "created_time": "2026-02-19T20:51:07.563994Z", "no_price": 99, "no_price_dollars": "0.9900", "price": 0.01, "taker_side": "yes", "ticker": "KXINX-26FEB19H1600-B6962", "trade_id": "9ac89fbd-b863-6101-7acd-8a6f819f4478", "yes_price": 1, "yes_price_dollars": "0.0100"}
{"count": 4, "count_fp": "4.00", "created_time": "2026-02-19T20:46:38.53506Z", "no_price": 99, "no_price_dollars": "0.9900", "price": 0.01, "taker_side": "yes", "ticker": "KXINX-26FEB19H1600-B6962", "trade_id": "646ae682-59b3-7439-7a92-222e80894378", "yes_price": 1, "yes_price_dollars": "0.0100"}
{"count": 5, "count_fp": "5.00", "created_time": "2026-02-19T20:46:29.354023Z", "no_price": 99, "no_price_dollars": "0.9900", "price": 0.01, "taker_side": "yes", "ticker": "KXINX-26FEB19H1600-B6962", "trade_id": "03f7f51e-17bb-6e59-9ff5-30647d26e30c", "yes_price": 1, "yes_price_dollars": "0.0100"}
{"count": 4, "count_fp": "4.00", "created_time": "2026-02-19T20:46:38.724462Z", "no_price": 98, "no_price_dollars": "0.9800", "price": 0.02, "taker_side": "no", "ticker": "KXINX-26FEB19H1600-B6937", "trade_id": "f94881fb-936b-4c31-1b25-fb6d7279c603", "yes_price": 2, "yes_price_dollars": "0.0200"}
{"count": 5, "count_fp": "5.00", "created_time": "2026-02-19T20:46:29.236952Z", "no_price": 98, "no_price_dollars": "0.9800", "price": 0.02, "taker_side": "yes", "ticker": "KXINX-26FEB19H1600-B6937", "trade_id": "acca82c8-a9c8-47d8-1f4b-9d62808d88c1", "yes_price": 2, "yes_price_dollars": "0.0200"}
{"count": 1, "count_fp": "1.00", "created_time": "2026-02-19T20:39:38.929497Z", "no_price": 99, "no_price_dollars": "0.9900", "price": 0.01, "taker_side": "no", "ticker": "KXINX-26FEB19H1600-B6937", "trade_id": "ff3431e0-a1ae-70c7-90ce-7ffd267db49c", "yes_price": 1, "yes_price_dollars": "0.0100"}
{"count": 1, "count_fp": "1.00", "created_time": "2026-02-19T20:39:38.929497Z", "no_price": 99, "no_price_dollars": "0.9900", "price": 0.01, "taker_side": "no", "ticker": "KXINX-26FEB19H1600-B6937", "trade_id": "6a70a2ad-5e22-7ec2-a44e-ff77384fb31a", "yes_price": 1, "yes_price_dollars": "0.0100"}
{"count": 6, "count_fp": "6.00", "created_time": "2026-02-19T17:48:10.23365Z", "no_price": 97, "no_price_dollars": "0.9700", "price": 0.03, "taker_side": "no", "ticker": "KXINX-26FEB19H1600-B6937", "trade_id": "df84262e-0bf4-793a-46f4-b23910c07f48", "yes_price": 3, "yes_price_dollars": "0.0300"}
{"count": 1, "count_fp": "1.00", "created_time": "2026-02-19T05:17:46.142758Z", "no_price": 80, "no_price_dollars": "0.8000", "price": 0.2, "taker_side": "no", "ticker": "KXINX-26FEB19H1600-B6937", "trade_id": "6150feaa-a0f3-453f-81ed-f6ffcc84e7ee", "yes_price": 20, "yes_price_dollars": "0.2000"}
{"count": 3, "count_fp": "3.00", "created_time": "2026-02-19T20:46:38.337469Z", "no_price": 97, "no_price_dollars": "0.9700", "price": 0.03, "taker_side": "yes", "ticker": "KXINX-26FEB19H1600-B6912", "trade_id": "8ccf6d0b-013d-6ff6-cb09-f5ffa8347f9f", "yes_price": 3, "yes_price_dollars": "0.0300"}
{"count": 5, "count_fp": "5.00", "created_time": "2026-02-19T20:46:29.131778Z", "no_price": 97, "no_price_dollars": "0.9700", "price": 0.03, "taker_side": "yes", "ticker": "KXINX-26FEB19H1600-B6912", "trade_id": "9094d71b-f764-48be-8a48-7764f9a87bd2", "yes_price": 3, "yes_price_dollars": "0.0300"}
{"count": 1, "count_fp": "1.00", "created_time": "2026-02-19T20:39:28.384534Z", "no_price": 99, "no_price_dollars": "0.9900", "price": 0.01, "taker_side": "no", "ticker": "KXINX-26FEB19H1600-B6912", "trade_id": "bd8b784d-fb50-776e-79cb-ae2ae0d3c34d", "yes_price": 1, "yes_price_dollars": "0.0100"}
{"count": 1, "count_fp": "1.00", "created_time": "2026-02-19T20:39:28.384534Z", "no_price": 99, "no_price_dollars": "0.9900", "price": 0.01, "taker_side": "no", "ticker": "KXINX-26FEB19H1600-B6912", "trade_id": "0187e59d-d8ba-7c15-765d-37f1b8b7fd30", "yes_price": 1, "yes_price_dollars": "0.0100"}
{"count": 5, "count_fp": "5.00", "created_time": "2026-02-19T18:07:54.287538Z", "no_price": 96, "no_price_dollars": "0.9600", "price": 0.04, "taker_side": "yes", "ticker": "KXINX-26FEB19H1600-B6912", "trade_id": "1e806ad8-24e6-5a39-9f28-65141b473197", "yes_price": 4, "yes_price_dollars": "0.0400"}
{"count": 6, "count_fp": "6.00", "created_time": "2026-02-19T18:07:54.287538Z", "no_price": 95, "no_price_dollars": "0.9500", "price": 0.05, "taker_side": "yes", "ticker": "KXINX-26FEB19H1600-B6912", "trade_id": "04d4f7b0-0b83-5056-af3f-720368cc549b", "yes_price": 5, "yes_price_dollars": "0.0500"}
{"count": 5, "count_fp": "5.00", "created_time": "2026-02-19T16:50:46.246636Z", "no_price": 96, "no_price_dollars": "0.9600", "price": 0.04, "taker_side": "no", "ticker": "KXINX-26FEB19H1600-B6912", "trade_id": "d7ac2198-1d27-61be-7eda-bd2e9710ac65", "yes_price": 4, "yes_price_dollars": "0.0400"}
{"count": 1495, "count_fp": "1495.00", "created_time": "2026-02-19T16:50:46.246636Z", "no_price": 97, "no_price_dollars": "0.9700", "price": 0.03, "taker_side": "no", "ticker": "KXINX-26FEB19H1600-B6912", "trade_id": "1c5fafad-b246-6404-67ff-de9ecb8d5eb3", "yes_price": 3, "yes_price_dollars": "0.0300"}
{"count": 5, "count_fp": "5.00", "created_time": "2026-02-19T16:44:54.07304Z", "no_price": 91, "no_price_dollars": "0.9100", "price": 0.09, "taker_side": "no", "ticker": "KXINX-26FEB19H1600-B6912", "trade_id": "b958935c-0126-6fb8-2197-dd10cf4906c6", "yes_price": 9, "yes_price_dollars": "0.0900"}
{"count": 1000, "count_fp": "1000.00", "created_time": "2026-02-19T16:44:53.180119Z", "no_price": 90, "no_price_dollars": "0.9000", "price": 0.1, "taker_side": "no", "ticker": "KXINX-26FEB19H1600-B6912", "trade_id": "b6352472-8bc2-6716-13c5-01c355aff8e2", "yes_price": 10, "yes_price_dollars": "0.1000"}
{"count": 495, "count_fp": "495.00", "created_time": "2026-02-19T16:36:40.034457Z", "no_price": 87, "no_price_dollars": "0.8700", "price": 0.13, "taker_side": "yes", "ticker": "KXINX-26FEB19H1600-B6912", "trade_id": "e9205bc7-1490-67d7-0755-c79cf74bf63f", "yes_price": 13, "yes_price_dollars": "0.1300"}
{"count": 5, "count_fp": "5.00", "created_time": "2026-02-19T16:36:40.034457Z", "no_price": 87, "no_price_dollars": "0.8700", "price": 0.13, "taker_side": "yes", "ticker": "KXINX-26FEB19H1600-B6912", "trade_id": "1a8bfb99-a2a4-6cb1-2df8-01c0ff1efd8b", "yes_price": 13, "yes_price_dollars": "0.1300"}
{"count": 100, "count_fp": "100.00", "created_time": "2026-02-19T15:52:00.544111Z", "no_price": 85, "no_price_dollars": "0.8500", "price": 0.15, "taker_side": "no", "ticker": "KXINX-26FEB19H1600-B6912", "trade_id": "d2ee27a0-cb42-6e81-25a2-313ed12c4ae1", "yes_price": 15, "yes_price_dollars": "0.1500"}
{"count": 18, "count_fp": "18.00", "created_time": "2026-02-19T15:16:33.03802Z", "no_price": 79, "no_price_dollars": "0.7900", "price": 0.21, "taker_side": "yes", "ticker": "KXINX-26FEB19H1600-B6912", "trade_id": "5aca1577-c792-62e6-1ab3-6dbab73cd1bc", "yes_price": 21, "yes_price_dollars": "0.2100"}
{"count": 5, "count_fp": "5.00", "created_time": "2026-02-19T15:16:33.03802Z", "no_price": 82, "no_price_dollars": "0.8200", "price": 0.18, "taker_side": "yes", "ticker": "KXINX-26FEB19H1600-B6912", "trade_id": "14232d72-e023-6e97-08e5-696db7a3ac4b", "yes_price": 18, "yes_price_dollars": "0.1800"}
{"count": 3, "count_fp": "3.00", "created_time": "2026-02-19T14:46:42.961014Z", "no_price": 86, "no_price_dollars": "0.8600", "price": 0.14, "taker_side": "yes", "ticker": "KXINX-26FEB19H1600-B6912", "trade_id": "7331c54d-88e3-79a3-4f2e-5fe2ec2a38b3", "yes_price": 14, "yes_price_dollars": "0.1400"}
{"count": 2, "count_fp": "2.00", "created_time": "2026-02-19T14:45:24.62703Z", "no_price": 83, "no_price_dollars": "0.8300", "price": 0.17, "taker_side": "no", "ticker": "KXINX-26FEB19H1600-B6912", "trade_id": "ab15e57f-57a2-4d1c-d301-ef4aa0811948", "yes_price": 17, "yes_price_dollars": "0.1700"}
{"count": 5, "count_fp": "5.00", "created_time": "2026-02-19T14:43:19.321229Z", "no_price": 85, "no_price_dollars": "0.8500", "price": 0.15, "taker_side": "yes", "ticker": "KXINX-26FEB19H1600-B6912", "trade_id": "3195861d-3177-50b6-7b7e-36394eee1b08", "yes_price": 15, "yes_price_dollars": "0.1500"}
{"count": 6, "count_fp": "6.00", "created_time": "2026-02-19T14:35:21.719633Z", "no_price": 85, "no_price_dollars": "0.8500", "price": 0.15, "taker_side": "no", "ticker": "KXINX-26FEB19H1600-B6912", "trade_id": "e5917672-cd67-5110-a44f-58af5e77f19f", "yes_price": 15, "yes_price_dollars": "0.1500"}
{"count": 5, "count_fp": "5.00", "created_time": "2026-02-19T14:35:21.719633Z", "no_price": 85, "no_price_dollars": "0.8500", "price": 0.15, "taker_side": "no", "ticker": "KXINX-26FEB19H1600-B6912", "trade_id": "58532cb0-7782-597d-b3f5-096ed3f01828", "yes_price": 15, "yes_price_dollars": "0.1500"}
{"count": 1, "count_fp": "1.00", "created_time": "2026-02-19T05:17:45.30115Z", "no_price": 70, "no_price_dollars": "0.7000", "price": 0.3, "taker_side": "no", "ticker": "KXINX-26FEB19H1600-B6912", "trade_id": "9d5b4623-6822-583c-59d5-a8aeac35e23a", "yes_price": 30, "yes_price_dollars": "0.3000"}
{"count": 4, "count_fp": "4.00", "created_time": "2026-02-19T20:51:07.16369Z", "no_price": 96, "no_price_dollars": "0.9600", "price": 0.04, "taker_side": "yes", "ticker": "KXINX-26FEB19H1600-B6887", "trade_id": "3573089c-43e5-4c42-d338-7d72798010d9", "yes_price": 4, "yes_price_dollars": "0.0400"}
{"count": 8, "count_fp": "8.00", "created_time": "2026-02-19T20:49:41.908334Z", "no_price": 99, "no_price_dollars": "0.9900", "price": 0.01, "taker_side": "yes", "ticker": "KXINX-26FEB19H1600-B6887", "trade_id": "7f86e128-d8fe-669e-276c-d1cbf243a4da", "yes_price": 1, "yes_price_dollars": "0.0100"}
{"count": 92, "count_fp": "92.00", "created_time": "2026-02-19T20:47:30.594042Z", "no_price": 99, "no_price_dollars": "0.9900", "price": 0.01, "taker_side": "yes", "ticker": "KXINX-26FEB19H1600-B6887", "trade_id": "8e6ba264-fb11-7f15-7b91-306dc6773af7", "yes_price": 1, "yes_price_dollars": "0.0100"}
{"count": 3, "count_fp": "3.00", "created_time": "2026-02-19T20:46:38.194054Z", "no_price": 99, "no_price_dollars": "0.9900", "price": 0.01, "taker_side": "yes", "ticker": "KXINX-26FEB19H1600-B6887", "trade_id": "0e37b2b8-13c1-43f5-6882-93c65524597b", "yes_price": 1, "yes_price_dollars": "0.0100"}
{"count": 5, "count_fp": "5.00", "created_time": "2026-02-19T20:46:29.032Z", "no_price": 99, "no_price_dollars": "0.9900", "price": 0.01, "taker_side": "yes", "ticker": "KXINX-26FEB19H1600-B6887", "trade_id": "b8806dd1-0a59-74c5-6efe-525e0e2a11a7", "yes_price": 1, "yes_price_dollars": "0.0100"}
{"count": 30, "count_fp": "30.00", "created_time": "2026-02-19T19:29:40.526391Z", "no_price": 91, "no_price_dollars": "0.9100", "price": 0.09, "taker_side": "yes", "ticker": "KXINX-26FEB19H1600-B6887", "trade_id": "c1cc2d3e-a7a9-624e-7b13-85859201ebc1", "yes_price": 9, "yes_price_dollars": "0.0900"}
{"count": 5, "count_fp": "5.00", "created_time": "2026-02-19T19:27:59.641659Z", "no_price": 88, "no_price_dollars": "0.8800", "price": 0.12, "taker_side": "yes", "ticker": "KXINX-26FEB19H1600-B6887", "trade_id": "c6e978f4-e204-6e7a-c013-3170ce9cd1f1", "yes_price": 12, "yes_price_dollars": "0.1200"}
{"count": 116, "count_fp": "116.00", "created_time": "2026-02-19T19:27:59.641659Z", "no_price": 88, "no_price_dollars": "0.8800", "price": 0.12, "taker_side": "yes", "ticker": "KXINX-26FEB19H1600-B6887", "trade_id": "38a7ed4d-74f1-6816-fc71-d288a07c5ab1", "yes_price": 12, "yes_price_dollars": "0.1200"}
{"count": 319, "count_fp": "319.00", "created_time": "2026-02-19T19:14:36.576104Z", "no_price": 85, "no_price_dollars": "0.8500", "price": 0.15, "taker_side": "yes", "ticker": "KXINX-26FEB19H1600-B6887", "trade_id": "fdb37039-5631-657e-6bcb-ef019b4b2825", "yes_price": 15, "yes_price_dollars": "0.1500"}
{"count": 5, "count_fp": "5.00", "created_time": "2026-02-19T19:14:36.576104Z", "no_price": 87, "no_price_dollars": "0.8700", "price": 0.13, "taker_side": "yes", "ticker": "KXINX-26FEB19H1600-B6887", "trade_id": "51cb4656-9ade-643f-75d4-c4d2fa1f1d20", "yes_price": 13, "yes_price_dollars": "0.1300"}
{"count": 5, "count_fp": "5.00", "created_time": "2026-02-19T19:10:14.101963Z", "no_price": 86, "no_price_dollars": "0.8600", "price": 0.14, "taker_side": "no", "ticker": "KXINX-26FEB19H1600-B6887", "trade_id": "56083ed7-9737-5532-2fd2-701d387e0d6a", "yes_price": 14, "yes_price_dollars": "0.1400"}
{"count": 5, "count_fp": "5.00", "created_time": "2026-02-19T19:09:43.039395Z", "no_price": 82, "no_price_dollars": "0.8200", "price": 0.18, "taker_side": "yes", "ticker": "KXINX-26FEB19H1600-B6887", "trade_id": "dfe647ce-12c0-78ba-5cf4-655b87717bcd", "yes_price": 18, "yes_price_dollars": "0.1800"}
{"count": 20, "count_fp": "20.00", "created_time": "2026-02-19T19:09:43.039395Z", "no_price": 82, "no_price_dollars": "0.8200", "price": 0.18, "taker_side": "yes", "ticker": "KXINX-26FEB19H1600-B6887", "trade_id": "6f6ad393-e301-75d2-542b-d39204272321", "yes_price": 18, "yes_price_dollars": "0.1800"}
{"count": 26, "count_fp": "26.00", "created_time": "2026-02-19T19:09:05.102131Z", "no_price": 84, "no_price_dollars": "0.8400", "price": 0.16, "taker_side": "yes", "ticker": "KXINX-26FEB19H1600-B6887", "trade_id": "d490142a-e990-7dd8-3a0d-20a9809f50da", "yes_price": 16, "yes_price_dollars": "0.1600"}
{"count": 5, "count_fp": "5.00", "created_time": "2026-02-19T19:05:10.68129Z", "no_price": 86, "no_price_dollars": "0.8600", "price": 0.14, "taker_side": "yes", "ticker": "KXINX-26FEB19H1600-B6887", "trade_id": "94c99b40-8706-5079-03c2-619809d1c399", "yes_price": 14, "yes_price_dollars": "0.1400"}
{"count": 31, "count_fp": "31.00", "created_time": "2026-02-19T19:05:10.68129Z", "no_price": 86, "no_price_dollars": "0.8600", "price": 0.14, "taker_side": "yes", "ticker": "KXINX-26FEB19H1600-B6887", "trade_id": "3687259d-30fd-5b62-252a-e6b9d8423be9", "yes_price": 14, "yes_price_dollars": "0.1400"}
{"count": 5, "count_fp": "5.00", "created_time": "2026-02-19T18:59:09.581503Z", "no_price": 87, "no_price_dollars": "0.8700", "price": 0.13, "taker_side": "yes", "ticker": "KXINX-26FEB19H1600-B6887", "trade_id": "f0ad0881-dda8-68ac-52f8-7040aeb810bc", "yes_price": 13, "yes_price_dollars": "0.1300"}
{"count": 5, "count_fp": "5.00", "created_time": "2026-02-19T17:59:03.278325Z", "no_price": 91, "no_price_dollars": "0.9100", "price": 0.09, "taker_side": "no", "ticker": "KXINX-26FEB19H1600-B6887", "trade_id": "9b52d49e-a0c7-78a0-5e52-dfd5a2f7c619", "yes_price": 9, "yes_price_dollars": "0.0900"}
{"count": 53, "count_fp": "53.00", "created_time": "2026-02-19T17:59:03.278325Z", "no_price": 91, "no_price_dollars": "0.9100", "price": 0.09, "taker_side": "no", "ticker": "KXINX-26FEB19H1600-B6887", "trade_id": "26b7ac11-91ba-7dd9-7f9f-3c18b8a52eae", "yes_price": 9, "yes_price_dollars": "0.0900"}
{"count": 1, "count_fp": "1.00", "created_time": "2026-02-19T17:53:08.761278Z", "no_price": 87, "no_price_dollars": "0.8700", "price": 0.13, "taker_side": "no", "ticker": "KXINX-26FEB19H1600-B6887", "trade_id": "fb0ae380-e744-7fde-ac07-fe4f2eced639", "yes_price": 13, "yes_price_dollars": "0.1300"}
{"count": 1, "count_fp": "1.00", "created_time": "2026-02-19T17:53:08.761278Z", "no_price": 87, "no_price_dollars": "0.8700", "price": 0.13, "taker_side": "no", "ticker": "KXINX-26FEB19H1600-B6887", "trade_id": "69722aea-c60c-76a1-b1a2-179b3058fe36", "yes_price": 13, "yes_price_dollars": "0.1300"}
{"count": 3, "count_fp": "3.00", "created_time": "2026-02-19T17:48:37.878262Z", "no_price": 86, "no_price_dollars": "0.8600", "price": 0.14, "taker_side": "no", "ticker": "KXINX-26FEB19H1600-B6887", "trade_id": "cd86f5e6-5000-75c2-bf47-e5557bcb233e", "yes_price": 14, "yes_price_dollars": "0.1400"}
{"count": 1, "count_fp": "1.00", "created_time": "2026-02-19T17:48:37.878262Z", "no_price": 86, "no_price_dollars": "0.8600", "price": 0.14, "taker_side": "no", "ticker": "KXINX-26FEB19H1600-B6887", "trade_id": "869f80c5-3203-7c75-8281-83ba7e81e65e", "yes_price": 14, "yes_price_dollars": "0.1400"}
{"count": 1, "count_fp": "1.00", "created_time": "2026-02-19T17:48:37.878262Z", "no_price": 86, "no_price_dollars": "0.8600", "price": 0.14, "taker_side": "no", "ticker": "KXINX-26FEB19H1600-B6887", "trade_id": "6b4a9fd9-5eb9-7a1e-9445-1e9ab4d37966", "yes_price": 14, "yes_price_dollars": "0.1400"}
{"count": 1, "count_fp": "1.00", "created_time": "2026-02-19T17:48:17.073861Z", "no_price": 84, "no_price_dollars": "0.8400", "price": 0.16, "taker_side": "no", "ticker": "KXINX-26FEB19H1600-B6887", "trade_id": "8f73f3c8-3459-7490-aad6-75c220c84991", "yes_price": 16, "yes_price_dollars": "0.1600"}
{"count": 1, "count_fp": "1.00", "created_time": "2026-02-19T17:48:17.073861Z", "no_price": 84, "no_price_dollars": "0.8400", "price": 0.16, "taker_side": "no", "ticker": "KXINX-26FEB19H1600-B6887", "trade_id": "5dae248a-f605-7c72-a3ea-ad9cdf00c5b9", "yes_price": 16, "yes_price_dollars": "0.1600"}
{"count": 1, "count_fp": "1.00", "created_time": "2026-02-19T17:48:10.233702Z", "no_price": 83, "no_price_dollars": "0.8300", "price": 0.17, "taker_side": "no", "ticker": "KXINX-26FEB19H1600-B6887", "trade_id": "c8238c4d-2452-71db-abc6-24c24442662c", "yes_price": 17, "yes_price_dollars": "0.1700"}
{"count": 100, "count_fp": "100.00", "created_time": "2026-02-19T17:48:05.575822Z", "no_price": 82, "no_price_dollars": "0.8200", "price": 0.18, "taker_side": "no", "ticker": "KXINX-26FEB19H1600-B6887", "trade_id": "bdd03423-b6ea-7a75-a441-233ffc807c2d", "yes_price": 18, "yes_price_dollars": "0.1800"}
{"count": 1, "count_fp": "1.00", "created_time": "2026-02-19T17:45:17.906252Z", "no_price": 80, "no_price_dollars": "0.8000", "price": 0.2, "taker_side": "no", "ticker": "KXINX-26FEB19H1600-B6887", "trade_id": "51aacb4b-b8fc-598e-b924-b7c8856b44c2", "yes_price": 20, "yes_price_dollars": "0.2000"}
{"count": 1, "count_fp": "1.00", "created_time": "2026-02-19T17:39:09.260687Z", "no_price": 78, "no_price_dollars": "0.7800", "price": 0.22, "taker_side": "no", "ticker": "KXINX-26FEB19H1600-B6887", "trade_id": "b4ed526a-dc24-513d-4196-6aa265c7a097", "yes_price": 22, "yes_price_dollars": "0.2200"}
{"count": 2, "count_fp": "2.00", "created_time": "2026-02-19T17:36:27.46181Z", "no_price": 78, "no_price_dollars": "0.7800", "price": 0.22, "taker_side": "yes", "ticker": "KXINX-26FEB19H1600-B6887", "trade_id": "5bd5a271-17ce-7e88-41da-79d406fdeb95", "yes_price": 22, "yes_price_dollars": "0.2200"}
{"count": 1, "count_fp": "1.00", "created_time": "2026-02-19T17:32:06.120364Z", "no_price": 79, "no_price_dollars": "0.7900", "price": 0.21, "taker_side": "no", "ticker": "KXINX-26FEB19H1600-B6887", "trade_id": "664ea29d-df30-689e-7054-501468730b02", "yes_price": 21, "yes_price_dollars": "0.2100"}
{"count": 2, "count_fp": "2.00", "created_time": "2026-02-19T17:27:22.953626Z", "no_price": 73, "no_price_dollars": "0.7300", "price": 0.27, "taker_side": "no", "ticker": "KXINX-26FEB19H1600-B6887", "trade_id": "5b5545b6-0aab-67c0-4bbe-542589837d02", "yes_price": 27, "yes_price_dollars": "0.2700"}
{"count": 5, "count_fp": "5.00", "created_time": "2026-02-19T17:17:19.574516Z", "no_price": 77, "no_price_dollars": "0.7700", "price": 0.23, "taker_side": "yes", "ticker": "KXINX-26FEB19H1600-B6887", "trade_id": "f61fb613-1aa0-75ea-21e9-09d7e3d9f898", "yes_price": 23, "yes_price_dollars": "0.2300"}
{"count": 2, "count_fp": "2.00", "created_time": "2026-02-19T17:13:58.310448Z", "no_price": 78, "no_price_dollars": "0.7800", "price": 0.22, "taker_side": "no", "ticker": "KXINX-26FEB19H1600-B6887", "trade_id": "6bd2cda2-1354-762d-ef5e-fbcb44893082", "yes_price": 22, "yes_price_dollars": "0.2200"}
{"count": 5, "count_fp": "5.00", "created_time": "2026-02-19T17:09:00.268813Z", "no_price": 79, "no_price_dollars": "0.7900", "price": 0.21, "taker_side": "yes", "ticker": "KXINX-26FEB19H1600-B6887", "trade_id": "f6e361db-85eb-6441-27fa-cefb3fa19558", "yes_price": 21, "yes_price_dollars": "0.2100"}
{"count": 2, "count_fp": "2.00", "created_time": "2026-02-19T17:09:00.268813Z", "no_price": 78, "no_price_dollars": "0.7800", "price": 0.22, "taker_side": "yes", "ticker": "KXINX-26FEB19H1600-B6887", "trade_id": "8300168f-a42a-60a0-1582-c7cca4c655da", "yes_price": 22, "yes_price_dollars": "0.2200"}
{"count": 9, "count_fp": "9.00", "created_time": "2026-02-19T17:09:00.268813Z", "no_price": 78, "no_price_dollars": "0.7800", "price": 0.22, "taker_side": "yes", "ticker": "KXINX-26FEB19H1600-B6887", "trade_id": "41471dc1-b790-6a2b-209c-23861a4d1ba9", "yes_price": 22, "yes_price_dollars": "0.2200"}
{"count": 6, "count_fp": "6.00", "created_time": "2026-02-19T17:09:00.268813Z", "no_price": 78, "no_price_dollars": "0.7800", "price": 0.22, "taker_side": "yes", "ticker": "KXINX-26FEB19H1600-B6887", "trade_id": "292cb516-6ba7-66c6-3613-1bb2c7ce8107", "yes_price": 22, "yes_price_dollars": "0.2200"}
{"count": 7, "count_fp": "7.00", "created_time": "2026-02-19T17:07:25.096194Z", "no_price": 81, "no_price_dollars": "0.8100", "price": 0.19, "taker_side": "yes", "ticker": "KXINX-26FEB19H1600-B6887", "trade_id": "643f8910-88a4-7b73-2c84-3dfe74816567", "yes_price": 19, "yes_price_dollars": "0.1900"}
{"count": 182, "count_fp": "182.00", "created_time": "2026-02-19T16:57:03.72621Z", "no_price": 79, "no_price_dollars": "0.7900", "price": 0.21, "taker_side": "no", "ticker": "KXINX-26FEB19H1600-B6887", "trade_id": "e194e908-99d0-7535-f929-971909e526b5", "yes_price": 21, "yes_price_dollars": "0.2100"}
{"count": 13, "count_fp": "13.00", "created_time": "2026-02-19T16:57:03.72621Z", "no_price": 77, "no_price_dollars": "0.7700", "price": 0.23, "taker_side": "no", "ticker": "KXINX-26FEB19H1600-B6887", "trade_id": "bfd206ec-b30e-7212-cda5-2672ec8a4244", "yes_price": 23, "yes_price_dollars": "0.2300"}
{"count": 5, "count_fp": "5.00", "created_time": "2026-02-19T16:57:03.72621Z", "no_price": 77, "no_price_dollars": "0.7700", "price": 0.23, "taker_side": "no", "ticker": "KXINX-26FEB19H1600-B6887", "trade_id": "85d73304-c25c-7b64-efe5-c974cbb5e8f3", "yes_price": 23, "yes_price_dollars": "0.2300"}
{"count": 4, "count_fp": "4.00", "created_time": "2026-02-19T16:56:35.992794Z", "no_price": 75, "no_price_dollars": "0.7500", "price": 0.25, "taker_side": "no", "ticker": "KXINX-26FEB19H1600-B6887", "trade_id": "4e9de3fb-c685-7524-dae9-a810c1ad3ef0", "yes_price": 25, "yes_price_dollars": "0.2500"}
{"count": 2, "count_fp": "2.00", "created_time": "2026-02-19T16:55:11.703742Z", "no_price": 72, "no_price_dollars": "0.7200", "price": 0.28, "taker_side": "no", "ticker": "KXINX-26FEB19H1600-B6887", "trade_id": "92d6ec68-3cdd-759f-d4e2-98f61f10817f", "yes_price": 28, "yes_price_dollars": "0.2800"}
{"count": 2, "count_fp": "2.00", "created_time": "2026-02-19T16:54:34.92122Z", "no_price": 76, "no_price_dollars": "0.7600", "price": 0.24, "taker_side": "yes", "ticker": "KXINX-26FEB19H1600-B6887", "trade_id": "edfc739f-f538-793a-0e2b-8a1654bd1a8e", "yes_price": 24, "yes_price_dollars": "0.2400"}
{"count": 101, "count_fp": "101.00", "created_time": "2026-02-19T16:53:20.313384Z", "no_price": 77, "no_price_dollars": "0.7700", "price": 0.23, "taker_side": "yes", "ticker": "KXINX-26FEB19H1600-B6887", "trade_id": "94fc467e-20c4-4f73-de72-d3e2ffa05e81", "yes_price": 23, "yes_price_dollars": "0.2300"}
{"count": 5, "count_fp": "5.00", "created_time": "2026-02-19T16:53:20.313384Z", "no_price": 79, "no_price_dollars": "0.7900", "price": 0.21, "taker_side": "yes", "ticker": "KXINX-26FEB19H1600-B6887", "trade_id": "7f884bad-99ab-4971-fcf6-0ce78c0f7d79", "yes_price": 21, "yes_price_dollars": "0.2100"}
{"count": 2, "count_fp": "2.00", "created_time": "2026-02-19T16:53:15.442114Z", "no_price": 82, "no_price_dollars": "0.8200", "price": 0.18, "taker_side": "yes", "ticker": "KXINX-26FEB19H1600-B6887", "trade_id": "4ac74e99-b950-7fb0-0127-84018539ee4d", "yes_price": 18, "yes_price_dollars": "0.1800"}
{"count": 1, "count_fp": "1.00", "created_time": "2026-02-19T16:48:44.726931Z", "no_price": 78, "no_price_dollars": "0.7800", "price": 0.22, "taker_side": "no", "ticker": "KXINX-26FEB19H1600-B6887", "trade_id": "6243c0a2-d25d-6b1c-d829-97824fff7f40", "yes_price": 22, "yes_price_dollars": "0.2200"}
{"count": 2, "count_fp": "2.00", "created_time": "2026-02-19T16:45:50.622944Z", "no_price": 74, "no_price_dollars": "0.7400", "price": 0.26, "taker_side": "no", "ticker": "KXINX-26FEB19H1600-B6887", "trade_id": "83f56a93-301d-7044-cd04-45d5cd76803f", "yes_price": 26, "yes_price_dollars": "0.2600"}
{"count": 5, "count_fp": "5.00", "created_time": "2026-02-19T16:44:56.147608Z", "no_price": 74, "no_price_dollars": "0.7400", "price": 0.26, "taker_side": "no", "ticker": "KXINX-26FEB19H1600-B6887", "trade_id": "2fff36c9-8235-7c4e-c164-72fbce28b5f5", "yes_price": 26, "yes_price_dollars": "0.2600"}
{"count": 200, "count_fp": "200.00", "created_time": "2026-02-19T16:41:42.517975Z", "no_price": 70, "no_price_dollars": "0.7000", "price": 0.3, "taker_side": "no", "ticker": "KXINX-26FEB19H1600-B6887", "trade_id": "c281733c-4d51-7e33-e2e1-035de1102e80", "yes_price": 30, "yes_price_dollars": "0.3000"}
{"count": 51, "count_fp": "51.00", "created_time": "2026-02-19T16:41:08.073934Z", "no_price": 69, "no_price_dollars": "0.6900", "price": 0.31, "taker_side": "no", "ticker": "KXINX-26FEB19H1600-B6887", "trade_id": "460ca244-26ad-7774-d7ef-9f0cc57088eb", "yes_price": 31, "yes_price_dollars": "0.3100"}
{"count": 2, "count_fp": "2.00", "created_time": "2026-02-19T16:33:13.302255Z", "no_price": 68, "no_price_dollars": "0.6800", "price": 0.32, "taker_side": "no", "ticker": "KXINX-26FEB19H1600-B6887", "trade_id": "eb2e20d4-690c-7245-dbfa-6033aeb8d8df", "yes_price": 32, "yes_price_dollars": "0.3200"}
{"count": 2, "count_fp": "2.00", "created_time": "2026-02-19T16:31:28.034038Z", "no_price": 68, "no_price_dollars": "0.6800", "price": 0.32, "taker_side": "yes", "ticker": "KXINX-26FEB19H1600-B6887", "trade_id": "e87e96d1-23c6-7d96-5c02-57753abd9142", "yes_price": 32, "yes_price_dollars": "0.3200"}
{"count": 144, "count_fp": "144.00", "created_time": "2026-02-19T16:31:28.034038Z", "no_price": 67, "no_price_dollars": "0.6700", "price": 0.33, "taker_side": "yes", "ticker": "KXINX-26FEB19H1600-B6887", "trade_id": "5c12c39e-3f70-7387-722e-513e74d26b49", "yes_price": 33, "yes_price_dollars": "0.3300"}
{"count": 5, "count_fp": "5.00", "created_time": "2026-02-19T16:31:28.034038Z", "no_price": 69, "no_price_dollars": "0.6900", "price": 0.31, "taker_side": "yes", "ticker": "KXINX-26FEB19H1600-B6887", "trade_id": "029f7887-c4e8-746b-45e8-ecbf2d6b5f55", "yes_price": 31, "yes_price_dollars": "0.3100"}
{"count": 11, "count_fp": "11.00", "created_time": "2026-02-19T16:24:38.370759Z", "no_price": 63, "no_price_dollars": "0.6300", "price": 0.37, "taker_side": "yes", "ticker": "KXINX-26FEB19H1600-B6887", "trade_id": "d4205698-1c64-6b63-ef43-92be868cf35c", "yes_price": 37, "yes_price_dollars": "0.3700"}
{"count": 3, "count_fp": "3.00", "created_time": "2026-02-19T16:24:38.370759Z", "no_price": 63, "no_price_dollars": "0.6300", "price": 0.37, "taker_side": "yes", "ticker": "KXINX-26FEB19H1600-B6887", "trade_id": "b1867f3d-660e-6aee-ce89-5e2418c41798", "yes_price": 37, "yes_price_dollars": "0.3700"}
{"count": 250, "count_fp": "250.00", "created_time": "2026-02-19T16:24:38.370759Z", "no_price": 63, "no_price_dollars": "0.6300", "price": 0.37, "taker_side": "yes", "ticker": "KXINX-26FEB19H1600-B6887", "trade_id": "8688a7f2-a4bc-62e7-f4f2-6197f995b025", "yes_price": 37, "yes_price_dollars": "0.3700"}
{"count": 90, "count_fp": "90.00", "created_time": "2026-02-19T15:59:35.890528Z", "no_price": 68, "no_price_dollars": "0.6800", "price": 0.32, "taker_side": "no", "ticker": "KXINX-26FEB19H1600-B6887", "trade_id": "37b63f36-fb59-72b6-ed32-248119cc00bb", "yes_price": 32, "yes_price_dollars": "0.3200"}
{"count": 5, "count_fp": "5.00", "created_time": "2026-02-19T15:58:47.090906Z", "no_price": 69, "no_price_dollars": "0.6900", "price": 0.31, "taker_side": "yes", "ticker": "KXINX-26FEB19H1600-B6887", "trade_id": "d216c774-729f-53b8-4230-c7f76ff80ec5", "yes_price": 31, "yes_price_dollars": "0.3100"}
{"count": 5, "count_fp": "5.00", "created_time": "2026-02-19T15:57:37.270724Z", "no_price": 70, "no_price_dollars": "0.7000", "price": 0.3, "taker_side": "yes", "ticker": "KXINX-26FEB19H1600-B6887", "trade_id": "bf5344b4-0378-5170-58f3-68444cb948d3", "yes_price": 30, "yes_price_dollars": "0.3000"}
{"count": 2, "count_fp": "2.00", "created_time": "2026-02-19T15:47:49.240923Z", "no_price": 72, "no_price_dollars": "0.7200", "price": 0.28, "taker_side": "no", "ticker": "KXINX-26FEB19H1600-B6887", "trade_id": "49660afc-00c9-509a-cf9a-9439daee453b", "yes_price": 28, "yes_price_dollars": "0.2800"}
{"count": 1, "count_fp": "1.00", "created_time": "2026-02-19T15:34:51.027394Z", "no_price": 78, "no_price_dollars": "0.7800", "price": 0.22, "taker_side": "yes", "ticker": "KXINX-26FEB19H1600-B6887", "trade_id": "26d0be82-9c7f-667b-b580-8af7363da423", "yes_price": 22, "yes_price_dollars": "0.2200"}
{"count": 1, "count_fp": "1.00", "created_time": "2026-02-19T15:29:46.874832Z", "no_price": 79, "no_price_dollars": "0.7900", "price": 0.21, "taker_side": "no", "ticker": "KXINX-26FEB19H1600-B6887", "trade_id": "1f270ad3-4f6f-48c8-4d3a-3fdb317238d8", "yes_price": 21, "yes_price_dollars": "0.2100"}
{"count": 2, "count_fp": "2.00", "created_time": "2026-02-19T15:21:56.926499Z", "no_price": 73, "no_price_dollars": "0.7300", "price": 0.27, "taker_side": "no", "ticker": "KXINX-26FEB19H1600-B6887", "trade_id": "8d22d756-36ec-4751-2727-8fbb5c38b214", "yes_price": 27, "yes_price_dollars": "0.2700"}
{"count": 2, "count_fp": "2.00", "created_time": "2026-02-19T15:17:44.246245Z", "no_price": 73, "no_price_dollars": "0.7300", "price": 0.27, "taker_side": "yes", "ticker": "KXINX-26FEB19H1600-B6887", "trade_id": "e6aee8c1-0be4-46da-a987-869801af534e", "yes_price": 27, "yes_price_dollars": "0.2700"}
{"count": 34, "count_fp": "34.00", "created_time": "2026-02-19T15:17:44.246245Z", "no_price": 72, "no_price_dollars": "0.7200", "price": 0.28, "taker_side": "yes", "ticker": "KXINX-26FEB19H1600-B6887", "trade_id": "06d74fd2-ad5d-4329-971c-e05d9faddef9", "yes_price": 28, "yes_price_dollars": "0.2800"}
{"count": 17, "count_fp": "17.00", "created_time": "2026-02-19T14:43:56.636289Z", "no_price": 81, "no_price_dollars": "0.8100", "price": 0.19, "taker_side": "yes", "ticker": "KXINX-26FEB19H1600-B6887", "trade_id": "76ed22ec-0686-6a1e-7c51-c29bcd790595", "yes_price": 19, "yes_price_dollars": "0.1900"}
{"count": 25, "count_fp": "25.00", "created_time": "2026-02-19T14:23:58.400879Z", "no_price": 83, "no_price_dollars": "0.8300", "price": 0.17, "taker_side": "no", "ticker": "KXINX-26FEB19H1600-B6887", "trade_id": "8a869284-50cd-4643-f334-1c0e7ecd4d12", "yes_price": 17, "yes_price_dollars": "0.1700"}
{"count": 5, "count_fp": "5.00", "created_time": "2026-02-19T14:23:58.400879Z", "no_price": 82, "no_price_dollars": "0.8200", "price": 0.18, "taker_side": "no", "ticker": "KXINX-26FEB19H1600-B6887", "trade_id": "031a0e20-8719-4616-dd31-7d6b0cfb7269", "yes_price": 18, "yes_price_dollars": "0.1800"}
{"count": 1, "count_fp": "1.00", "created_time": "2026-02-19T10:13:51.614868Z", "no_price": 63, "no_price_dollars": "0.6300", "price": 0.37, "taker_side": "yes", "ticker": "KXINX-26FEB19H1600-B6887", "trade_id": "fdbb5dd5-3760-7d57-2cbe-c94bf10d9424", "yes_price": 37, "yes_price_dollars": "0.3700"}
{"count": 12, "count_fp": "12.00", "created_time": "2026-02-19T10:13:51.614868Z", "no_price": 69, "no_price_dollars": "0.6900", "price": 0.31, "taker_side": "yes", "ticker": "KXINX-26FEB19H1600-B6887", "trade_id": "b6c287d8-20f1-7527-1e34-9549aca4baff", "yes_price": 31, "yes_price_dollars": "0.3100"}
{"count": 5, "count_fp": "5.00", "created_time": "2026-02-19T10:13:51.614868Z", "no_price": 70, "no_price_dollars": "0.7000", "price": 0.3, "taker_side": "yes", "ticker": "KXINX-26FEB19H1600-B6887", "trade_id": "2a72c248-8c73-7225-2929-dbc1476d7735", "yes_price": 30, "yes_price_dollars": "0.3000"}
{"count": 5, "count_fp": "5.00", "created_time": "2026-02-19T20:59:44.923076Z", "no_price": 2, "no_price_dollars": "0.0200", "price": 0.98, "taker_side": "no", "ticker": "KXINX-26FEB19H1600-B6862", "trade_id": "74695859-e143-775a-843e-04018524ac9f", "yes_price": 98, "yes_price_dollars": "0.9800"}
{"count": 100, "count_fp": "100.00", "created_time": "2026-02-19T20:59:44.923076Z", "no_price": 2, "no_price_dollars": "0.0200", "price": 0.98, "taker_side": "no", "ticker": "KXINX-26FEB19H1600-B6862", "trade_id": "41d1ac35-816b-79f4-9ef7-b4bc19345ac8", "yes_price": 98, "yes_price_dollars": "0.9800"}
{"count": 920, "count_fp": "920.00", "created_time": "2026-02-19T20:59:25.220068Z", "no_price": 1, "no_price_dollars": "0.0100", "price": 0.99, "taker_side": "yes", "ticker": "KXINX-26FEB19H1600-B6862", "trade_id": "40ed0387-9f71-5e1b-e6b0-c1d35f11d8e0", "yes_price": 99, "yes_price_dollars": "0.9900"}
{"count": 70, "count_fp": "70.00", "created_time": "2026-02-19T20:59:24.956334Z", "no_price": 1, "no_price_dollars": "0.0100", "price": 0.99, "taker_side": "yes", "ticker": "KXINX-26FEB19H1600-B6862", "trade_id": "35455e67-5f71-550f-58f8-5a29b4755eb0", "yes_price": 99, "yes_price_dollars": "0.9900"}
{"count": 5, "count_fp": "5.00", "created_time": "2026-02-19T20:59:19.958175Z", "no_price": 1, "no_price_dollars": "0.0100", "price": 0.99, "taker_side": "yes", "ticker": "KXINX-26FEB19H1600-B6862", "trade_id": "fa401ad1-a1dd-46b3-7c6c-1a5ee770b7a0", "yes_price": 99, "yes_price_dollars": "0.9900"}
{"count": 5, "count_fp": "5.00", "created_time": "2026-02-19T20:59:12.762716Z", "no_price": 1, "no_price_dollars": "0.0100", "price": 0.99, "taker_side": "yes", "ticker": "KXINX-26FEB19H1600-B6862", "trade_id": "1fc28012-179d-4ddb-efe6-a05bdd06fe30", "yes_price": 99, "yes_price_dollars": "0.9900"}
{"count": 30, "count_fp": "30.00", "created_time": "2026-02-19T20:59:05.228162Z", "no_price": 2, "no_price_dollars": "0.0200", "price": 0.98, "taker_side": "yes", "ticker": "KXINX-26FEB19H1600-B6862", "trade_id": "972d3cad-4733-4374-5401-65665e7cfc6f", "yes_price": 98, "yes_price_dollars": "0.9800"}
{"count": 5, "count_fp": "5.00", "created_time": "2026-02-19T20:59:02.592296Z", "no_price": 2, "no_price_dollars": "0.0200", "price": 0.98, "taker_side": "yes", "ticker": "KXINX-26FEB19H1600-B6862", "trade_id": "78ffd179-5cc7-60b0-78af-3e43ad7f980b", "yes_price": 98, "yes_price_dollars": "0.9800"}
{"count": 2, "count_fp": "2.00", "created_time": "2026-02-19T20:56:58.886522Z", "no_price": 11, "no_price_dollars": "0.1100", "price": 0.89, "taker_side": "no", "ticker": "KXINX-26FEB19H1600-B6862", "trade_id": "db00a238-68b6-6067-89bf-b273cd82abd9", "yes_price": 89, "yes_price_dollars": "0.8900"}
{"count": 3, "count_fp": "3.00", "created_time": "2026-02-19T20:56:50.761597Z", "no_price": 14, "no_price_dollars": "0.1400", "price": 0.86, "taker_side": "no", "ticker": "KXINX-26FEB19H1600-B6862", "trade_id": "95001c64-fc9a-5e2d-b40b-a471bca9ef05", "yes_price": 86, "yes_price_dollars": "0.8600"}
{"count": 5, "count_fp": "5.00", "created_time": "2026-02-19T20:56:47.065708Z", "no_price": 12, "no_price_dollars": "0.1200", "price": 0.88, "taker_side": "yes", "ticker": "KXINX-26FEB19H1600-B6862", "trade_id": "1b7f72f9-f6c1-426a-a71b-5f2774c867ac", "yes_price": 88, "yes_price_dollars": "0.8800"}
{"count": 5, "count_fp": "5.00", "created_time": "2026-02-19T20:56:06.796929Z", "no_price": 14, "no_price_dollars": "0.1400", "price": 0.86, "taker_side": "no", "ticker": "KXINX-26FEB19H1600-B6862", "trade_id": "84881fcd-ec82-52e6-1bfe-e79a68648174", "yes_price": 86, "yes_price_dollars": "0.8600"}
{"count": 10, "count_fp": "10.00", "created_time": "2026-02-19T20:55:53.011155Z", "no_price": 11, "no_price_dollars": "0.1100", "price": 0.89, "taker_side": "yes", "ticker": "KXINX-26FEB19H1600-B6862", "trade_id": "ade13ab6-bc83-55b6-cdc6-19d79f6fb1e1", "yes_price": 89, "yes_price_dollars": "0.8900"}
{"count": 5, "count_fp": "5.00", "created_time": "2026-02-19T20:55:40.667244Z", "no_price": 10, "no_price_dollars": "0.1000", "price": 0.9, "taker_side": "no", "ticker": "KXINX-26FEB19H1600-B6862", "trade_id": "2cf435f7-5529-5d5a-2acd-09a2685aef37", "yes_price": 90, "yes_price_dollars": "0.9000"}
{"count": 1, "count_fp": "1.00", "created_time": "2026-02-19T20:55:36.009234Z", "no_price": 8, "no_price_dollars": "0.0800", "price": 0.92, "taker_side": "yes", "ticker": "KXINX-26FEB19H1600-B6862", "trade_id": "412395ff-8058-51aa-296d-724a58b9497d", "yes_price": 92, "yes_price_dollars": "0.9200"}
{"count": 5, "count_fp": "5.00", "created_time": "2026-02-19T20:55:29.444671Z", "no_price": 8, "no_price_dollars": "0.0800", "price": 0.92, "taker_side": "yes", "ticker": "KXINX-26FEB19H1600-B6862", "trade_id": "1a5e77c8-ff7f-63b6-257e-97e7a78ec7cd", "yes_price": 92, "yes_price_dollars": "0.9200"}
{"count": 50, "count_fp": "50.00", "created_time": "2026-02-19T20:55:06.506561Z", "no_price": 12, "no_price_dollars": "0.1200", "price": 0.88, "taker_side": "yes", "ticker": "KXINX-26FEB19H1600-B6862", "trade_id": "6ebc7412-03ee-4adc-6d02-3fff6d24db6e", "yes_price": 88, "yes_price_dollars": "0.8800"}
{"count": 5, "count_fp": "5.00", "created_time": "2026-02-19T20:55:04.594595Z", "no_price": 13, "no_price_dollars": "0.1300", "price": 0.87, "taker_side": "yes", "ticker": "KXINX-26FEB19H1600-B6862", "trade_id": "ac1571ee-ba48-4acf-58bc-e559e6963841", "yes_price": 87, "yes_price_dollars": "0.8700"}
{"count": 5, "count_fp": "5.00", "created_time": "2026-02-19T20:54:12.777029Z", "no_price": 17, "no_price_dollars": "0.1700", "price": 0.83, "taker_side": "yes", "ticker": "KXINX-26FEB19H1600-B6862", "trade_id": "794f6417-095e-4408-5282-4787cd20061e", "yes_price": 83, "yes_price_dollars": "0.8300"}
{"count": 1, "count_fp": "1.00", "created_time": "2026-02-19T20:54:01.502468Z", "no_price": 18, "no_price_dollars": "0.1800", "price": 0.82, "taker_side": "yes", "ticker": "KXINX-26FEB19H1600-B6862", "trade_id": "aa228f24-7b2c-4953-b02b-6c622e34eebc", "yes_price": 82, "yes_price_dollars": "0.8200"}
{"count": 11, "count_fp": "11.00", "created_time": "2026-02-19T20:53:53.375552Z", "no_price": 19, "no_price_dollars": "0.1900", "price": 0.81, "taker_side": "yes", "ticker": "KXINX-26FEB19H1600-B6862", "trade_id": "24ca3435-9ae0-4f75-4cca-165f0d520a0d", "yes_price": 81, "yes_price_dollars": "0.8100"}
{"count": 1, "count_fp": "1.00", "created_time": "2026-02-19T20:53:24.679017Z", "no_price": 19, "no_price_dollars": "0.1900", "price": 0.81, "taker_side": "yes", "ticker": "KXINX-26FEB19H1600-B6862", "trade_id": "b9f78159-838c-6791-3dc4-b0f772095671", "yes_price": 81, "yes_price_dollars": "0.8100"}
{"count": 4, "count_fp": "4.00", "created_time": "2026-02-19T20:53:05.904439Z", "no_price": 21, "no_price_dollars": "0.2100", "price": 0.79, "taker_side": "yes", "ticker": "KXINX-26FEB19H1600-B6862", "trade_id": "9f8398d4-e222-462e-7409-b4a2bee6f3cc", "yes_price": 79, "yes_price_dollars": "0.7900"}
{"count": 5, "count_fp": "5.00", "created_time": "2026-02-19T20:53:05.823243Z", "no_price": 21, "no_price_dollars": "0.2100", "price": 0.79, "taker_side": "no", "ticker": "KXINX-26FEB19H1600-B6862", "trade_id": "e18703cd-0e8b-7356-9a0e-d52fb1084691", "yes_price": 79, "yes_price_dollars": "0.7900"}
{"count": 925, "count_fp": "925.00", "created_time": "2026-02-19T20:52:36.976188Z", "no_price": 28, "no_price_dollars": "0.2800", "price": 0.72, "taker_side": "yes", "ticker": "KXINX-26FEB19H1600-B6862", "trade_id": "ea791027-b795-44f0-4245-38af4b908e47", "yes_price": 72, "yes_price_dollars": "0.7200"}
{"count": 5, "count_fp": "5.00", "created_time": "2026-02-19T20:52:36.976188Z", "no_price": 26, "no_price_dollars": "0.2600", "price": 0.74, "taker_side": "yes", "ticker": "KXINX-26FEB19H1600-B6862", "trade_id": "94778a58-97d1-47b8-6f6c-cef6bb8b1abd", "yes_price": 74, "yes_price_dollars": "0.7400"}
{"count": 5, "count_fp": "5.00", "created_time": "2026-02-19T20:51:52.104452Z", "no_price": 29, "no_price_dollars": "0.2900", "price": 0.71, "taker_side": "no", "ticker": "KXINX-26FEB19H1600-B6862", "trade_id": "772097a7-4414-662b-f86a-c5d337f2cb44", "yes_price": 71, "yes_price_dollars": "0.7100"}
{"count": 100, "count_fp": "100.00", "created_time": "2026-02-19T20:51:45.352162Z", "no_price": 27, "no_price_dollars": "0.2700", "price": 0.73, "taker_side": "no", "ticker": "KXINX-26FEB19H1600-B6862", "trade_id": "e158604d-cf1e-6889-d123-189893912a45", "yes_price": 73, "yes_price_dollars": "0.7300"}
{"count": 5, "count_fp": "5.00", "created_time": "2026-02-19T20:51:19.310493Z", "no_price": 27, "no_price_dollars": "0.2700", "price": 0.73, "taker_side": "yes", "ticker": "KXINX-26FEB19H1600-B6862", "trade_id": "21e20f29-143f-53fc-4518-37dd1ee7c10a", "yes_price": 73, "yes_price_dollars": "0.7300"}
{"count": 2, "count_fp": "2.00", "created_time": "2026-02-19T20:51:16.161402Z", "no_price": 26, "no_price_dollars": "0.2600", "price": 0.74, "taker_side": "no", "ticker": "KXINX-26FEB19H1600-B6862", "trade_id": "edfa1e0e-8a60-5a1c-ee02-02a2e068f571", "yes_price": 74, "yes_price_dollars": "0.7400"}
{"count": 5, "count_fp": "5.00", "created_time": "2026-02-19T20:51:16.161402Z", "no_price": 26, "no_price_dollars": "0.2600", "price": 0.74, "taker_side": "no", "ticker": "KXINX-26FEB19H1600-B6862", "trade_id": "350e3114-1948-5bde-f639-3d5cd54c38d3", "yes_price": 74, "yes_price_dollars": "0.7400"}
{"count": 2, "count_fp": "2.00", "created_time": "2026-02-19T20:50:56.266823Z", "no_price": 26, "no_price_dollars": "0.2600", "price": 0.74, "taker_side": "yes", "ticker": "KXINX-26FEB19H1600-B6862", "trade_id": "3aab26d5-6a19-58dd-41e2-1cbb272933e3", "yes_price": 74, "yes_price_dollars": "0.7400"}
{"count": 10, "count_fp": "10.00", "created_time": "2026-02-19T20:50:23.045781Z", "no_price": 31, "no_price_dollars": "0.3100", "price": 0.69, "taker_side": "no", "ticker": "KXINX-26FEB19H1600-B6862", "trade_id": "6bcd55b8-8634-7623-4e75-091580e6be44", "yes_price": 69, "yes_price_dollars": "0.6900"}
{"count": 5, "count_fp": "5.00", "created_time": "2026-02-19T20:50:23.045781Z", "no_price": 30, "no_price_dollars": "0.3000", "price": 0.7, "taker_side": "no", "ticker": "KXINX-26FEB19H1600-B6862", "trade_id": "39df459d-e68d-71c4-4e06-2dc380400088", "yes_price": 70, "yes_price_dollars": "0.7000"}
{"count": 5, "count_fp": "5.00", "created_time": "2026-02-19T20:50:00.514039Z", "no_price": 27, "no_price_dollars": "0.2700", "price": 0.73, "taker_side": "no", "ticker": "KXINX-26FEB19H1600-B6862", "trade_id": "c1116fb1-332b-6fac-7333-45e3da51fa7d", "yes_price": 73, "yes_price_dollars": "0.7300"}
{"count": 5, "count_fp": "5.00", "created_time": "2026-02-19T20:49:27.883012Z", "no_price": 24, "no_price_dollars": "0.2400", "price": 0.76, "taker_side": "yes", "ticker": "KXINX-26FEB19H1600-B6862", "trade_id": "578b3dfb-435f-66b2-a2c7-cb0b29713c0c", "yes_price": 76, "yes_price_dollars": "0.7600"}
{"count": 29, "count_fp": "29.00", "created_time": "2026-02-19T20:49:14.656508Z", "no_price": 32, "no_price_dollars": "0.3200", "price": 0.68, "taker_side": "no", "ticker": "KXINX-26FEB19H1600-B6862", "trade_id": "f2c76742-b1bd-4593-c036-5bd8809b858b", "yes_price": 68, "yes_price_dollars": "0.6800"}
{"count": 5, "count_fp": "5.00", "created_time": "2026-02-19T20:48:40.106289Z", "no_price": 36, "no_price_dollars": "0.3600", "price": 0.64, "taker_side": "no", "ticker": "KXINX-26FEB19H1600-B6862", "trade_id": "46622f19-2dbf-5dbb-cae9-8c16641e9bec", "yes_price": 64, "yes_price_dollars": "0.6400"}
{"count": 80, "count_fp": "80.00", "created_time": "2026-02-19T20:48:08.731538Z", "no_price": 28, "no_price_dollars": "0.2800", "price": 0.72, "taker_side": "no", "ticker": "KXINX-26FEB19H1600-B6862", "trade_id": "aa21c52b-ddfe-5793-d70c-afa7522e058e", "yes_price": 72, "yes_price_dollars": "0.7200"}
{"count": 5, "count_fp": "5.00", "created_time": "2026-02-19T20:48:08.731538Z", "no_price": 28, "no_price_dollars": "0.2800", "price": 0.72, "taker_side": "no", "ticker": "KXINX-26FEB19H1600-B6862", "trade_id": "a165c00f-2441-50b7-c151-72eb51f94d4e", "yes_price": 72, "yes_price_dollars": "0.7200"}
{"count": 5, "count_fp": "5.00", "created_time": "2026-02-19T20:47:48.372582Z", "no_price": 27, "no_price_dollars": "0.2700", "price": 0.73, "taker_side": "no", "ticker": "KXINX-26FEB19H1600-B6862", "trade_id": "c84976e4-3b7e-5b01-cbdf-703b9c394547", "yes_price": 73, "yes_price_dollars": "0.7300"}
{"count": 18, "count_fp": "18.00", "created_time": "2026-02-19T20:45:34.861052Z", "no_price": 46, "no_price_dollars": "0.4600", "price": 0.54, "taker_side": "yes", "ticker": "KXINX-26FEB19H1600-B6862", "trade_id": "349a7baa-2b44-6a82-9265-05ac74aa0e92", "yes_price": 54, "yes_price_dollars": "0.5400"}
{"count": 5, "count_fp": "5.00", "created_time": "2026-02-19T20:44:06.184323Z", "no_price": 55, "no_price_dollars": "0.5500", "price": 0.45, "taker_side": "yes", "ticker": "KXINX-26FEB19H1600-B6862", "trade_id": "6dc8ee5a-55d7-5c96-b64e-4d1bb3dd2f08", "yes_price": 45, "yes_price_dollars": "0.4500"}
{"count": 5, "count_fp": "5.00", "created_time": "2026-02-19T20:43:02.396818Z", "no_price": 58, "no_price_dollars": "0.5800", "price": 0.42, "taker_side": "yes", "ticker": "KXINX-26FEB19H1600-B6862", "trade_id": "02fde641-323f-5a15-8094-2846efc936f9", "yes_price": 42, "yes_price_dollars": "0.4200"}
{"count": 5, "count_fp": "5.00", "created_time": "2026-02-19T20:42:48.588472Z", "no_price": 60, "no_price_dollars": "0.6000", "price": 0.4, "taker_side": "yes", "ticker": "KXINX-26FEB19H1600-B6862", "trade_id": "d71b4dc0-aa4f-50bd-8d08-043e242b3f5c", "yes_price": 40, "yes_price_dollars": "0.4000"}
{"count": 5, "count_fp": "5.00", "created_time": "2026-02-19T20:42:23.398239Z", "no_price": 60, "no_price_dollars": "0.6000", "price": 0.4, "taker_side": "yes", "ticker": "KXINX-26FEB19H1600-B6862", "trade_id": "0d3f7a37-4976-5e70-be65-0e088809ef27", "yes_price": 40, "yes_price_dollars": "0.4000"}
{"count": 5, "count_fp": "5.00", "created_time": "2026-02-19T20:41:43.134979Z", "no_price": 60, "no_price_dollars": "0.6000", "price": 0.4, "taker_side": "no", "ticker": "KXINX-26FEB19H1600-B6862", "trade_id": "29d12fb8-6f99-6de3-732f-35c70ea218cb", "yes_price": 40, "yes_price_dollars": "0.4000"}
{"count": 925, "count_fp": "925.00", "created_time": "2026-02-19T20:41:32.979911Z", "no_price": 56, "no_price_dollars": "0.5600", "price": 0.44, "taker_side": "no", "ticker": "KXINX-26FEB19H1600-B6862", "trade_id": "cbacb1d4-c253-6dc4-4870-fb656208ea02", "yes_price": 44, "yes_price_dollars": "0.4400"}
{"count": 5, "count_fp": "5.00", "created_time": "2026-02-19T20:41:00.708853Z", "no_price": 50, "no_price_dollars": "0.5000", "price": 0.5, "taker_side": "no", "ticker": "KXINX-26FEB19H1600-B6862", "trade_id": "ca4ead32-a348-69ee-7ef5-5cac77f7e2da", "yes_price": 50, "yes_price_dollars": "0.5000"}
{"count": 100, "count_fp": "100.00", "created_time": "2026-02-19T20:40:17.998787Z", "no_price": 50, "no_price_dollars": "0.5000", "price": 0.5, "taker_side": "yes", "ticker": "KXINX-26FEB19H1600-B6862", "trade_id": "d76647bb-c0bf-5d72-8a0b-043f6caff13b", "yes_price": 50, "yes_price_dollars": "0.5000"}
{"count": 5, "count_fp": "5.00", "created_time": "2026-02-19T20:40:03.473785Z", "no_price": 52, "no_price_dollars": "0.5200", "price": 0.48, "taker_side": "yes", "ticker": "KXINX-26FEB19H1600-B6862", "trade_id": "ba3f6a0e-31ca-5b57-a65c-3cfbf8506bfd", "yes_price": 48, "yes_price_dollars": "0.4800"}
{"count": 5, "count_fp": "5.00", "created_time": "2026-02-19T20:39:13.545226Z", "no_price": 53, "no_price_dollars": "0.5300", "price": 0.47, "taker_side": "no", "ticker": "KXINX-26FEB19H1600-B6862", "trade_id": "da530aaa-c80c-6271-6c60-47c5bf052036", "yes_price": 47, "yes_price_dollars": "0.4700"}
{"count": 5, "count_fp": "5.00", "created_time": "2026-02-19T20:36:49.801135Z", "no_price": 53, "no_price_dollars": "0.5300", "price": 0.47, "taker_side": "yes", "ticker": "KXINX-26FEB19H1600-B6862", "trade_id": "fe2472ac-e06f-7893-3940-7e2b964c5185", "yes_price": 47, "yes_price_dollars": "0.4700"}
{"count": 5, "count_fp": "5.00", "created_time": "2026-02-19T20:35:44.764115Z", "no_price": 49, "no_price_dollars": "0.4900", "price": 0.51, "taker_side": "no", "ticker": "KXINX-26FEB19H1600-B6862", "trade_id": "a78a97ea-a737-6b7d-7ad6-687fb654608b", "yes_price": 51, "yes_price_dollars": "0.5100"}
{"count": 10, "count_fp": "10.00", "created_time": "2026-02-19T20:34:37.484253Z", "no_price": 50, "no_price_dollars": "0.5000", "price": 0.5, "taker_side": "no", "ticker": "KXINX-26FEB19H1600-B6862", "trade_id": "a5d739ee-1e04-62ff-5ae9-d983ad3a994c", "yes_price": 50, "yes_price_dollars": "0.5000"}
{"count": 5, "count_fp": "5.00", "created_time": "2026-02-19T20:33:57.574432Z", "no_price": 46, "no_price_dollars": "0.4600", "price": 0.54, "taker_side": "no", "ticker": "KXINX-26FEB19H1600-B6862", "trade_id": "ef3e6edc-6334-647f-4d59-80eeb0674022", "yes_price": 54, "yes_price_dollars": "0.5400"}
{"count": 5, "count_fp": "5.00", "created_time": "2026-02-19T20:32:18.603496Z", "no_price": 52, "no_price_dollars": "0.5200", "price": 0.48, "taker_side": "yes", "ticker": "KXINX-26FEB19H1600-B6862", "trade_id": "2a2e5292-590d-5dd6-a586-39bae12525e6", "yes_price": 48, "yes_price_dollars": "0.4800"}
{"count": 5, "count_fp": "5.00", "created_time": "2026-02-19T20:30:15.450647Z", "no_price": 56, "no_price_dollars": "0.5600", "price": 0.44, "taker_side": "yes", "ticker": "KXINX-26FEB19H1600-B6862", "trade_id": "a809a2c3-818f-51a9-b623-9d9546370037", "yes_price": 44, "yes_price_dollars": "0.4400"}
{"count": 5, "count_fp": "5.00", "created_time": "2026-02-19T20:24:57.620871Z", "no_price": 57, "no_price_dollars": "0.5700", "price": 0.43, "taker_side": "no", "ticker": "KXINX-26FEB19H1600-B6862", "trade_id": "71523393-e1ad-64f6-5c4b-1b4f7d04e19d", "yes_price": 43, "yes_price_dollars": "0.4300"}
{"count": 5, "count_fp": "5.00", "created_time": "2026-02-19T20:23:49.093204Z", "no_price": 55, "no_price_dollars": "0.5500", "price": 0.45, "taker_side": "no", "ticker": "KXINX-26FEB19H1600-B6862", "trade_id": "df3fb084-862f-6773-76d8-e43e0dc527b9", "yes_price": 45, "yes_price_dollars": "0.4500"}
{"count": 5, "count_fp": "5.00", "created_time": "2026-02-19T20:19:46.720406Z", "no_price": 54, "no_price_dollars": "0.5400", "price": 0.46, "taker_side": "yes", "ticker": "KXINX-26FEB19H1600-B6862", "trade_id": "f660c3d8-e569-4179-a952-f1ea119e7a78", "yes_price": 46, "yes_price_dollars": "0.4600"}
{"count": 5, "count_fp": "5.00", "created_time": "2026-02-19T20:18:54.067498Z", "no_price": 61, "no_price_dollars": "0.6100", "price": 0.39, "taker_side": "yes", "ticker": "KXINX-26FEB19H1600-B6862", "trade_id": "75e84ac3-fd46-4ea2-a213-f3ddcecf6af5", "yes_price": 39, "yes_price_dollars": "0.3900"}
{"count": 5, "count_fp": "5.00", "created_time": "2026-02-19T20:16:37.046774Z", "no_price": 61, "no_price_dollars": "0.6100", "price": 0.39, "taker_side": "yes", "ticker": "KXINX-26FEB19H1600-B6862", "trade_id": "11099fb3-7492-424e-a949-9dbd1cf8ac69", "yes_price": 39, "yes_price_dollars": "0.3900"}
{"count": 5, "count_fp": "5.00", "created_time": "2026-02-19T20:16:24.988417Z", "no_price": 62, "no_price_dollars": "0.6200", "price": 0.38, "taker_side": "no", "ticker": "KXINX-26FEB19H1600-B6862", "trade_id": "24a83f68-b7f2-66ac-69bf-be8e408104d3", "yes_price": 38, "yes_price_dollars": "0.3800"}
{"count": 5, "count_fp": "5.00", "created_time": "2026-02-19T20:15:49.087921Z", "no_price": 56, "no_price_dollars": "0.5600", "price": 0.44, "taker_side": "no", "ticker": "KXINX-26FEB19H1600-B6862", "trade_id": "98cfaf8b-d01b-64ae-52ee-bf4107a7f3bf", "yes_price": 44, "yes_price_dollars": "0.4400"}
{"count": 5, "count_fp": "5.00", "created_time": "2026-02-19T20:11:43.482699Z", "no_price": 58, "no_price_dollars": "0.5800", "price": 0.42, "taker_side": "yes", "ticker": "KXINX-26FEB19H1600-B6862", "trade_id": "d6890a16-e821-4949-a4ae-57a51239d2fb", "yes_price": 42, "yes_price_dollars": "0.4200"}
{"count": 5, "count_fp": "5.00", "created_time": "2026-02-19T20:10:03.406511Z", "no_price": 55, "no_price_dollars": "0.5500", "price": 0.45, "taker_side": "yes", "ticker": "KXINX-26FEB19H1600-B6862", "trade_id": "2f36758a-0233-44c1-bef9-2f77ea5b4fda", "yes_price": 45, "yes_price_dollars": "0.4500"}
{"count": 5, "count_fp": "5.00", "created_time": "2026-02-19T20:07:38.014874Z", "no_price": 55, "no_price_dollars": "0.5500", "price": 0.45, "taker_side": "yes", "ticker": "KXINX-26FEB19H1600-B6862", "trade_id": "11c6ade9-0a0e-43be-979f-6899d63c69ac", "yes_price": 45, "yes_price_dollars": "0.4500"}
{"count": 5, "count_fp": "5.00", "created_time": "2026-02-19T20:07:04.885786Z", "no_price": 54, "no_price_dollars": "0.5400", "price": 0.46, "taker_side": "no", "ticker": "KXINX-26FEB19H1600-B6862", "trade_id": "d78c24e6-d815-6c92-67b7-d576c37c3abc", "yes_price": 46, "yes_price_dollars": "0.4600"}
{"count": 5, "count_fp": "5.00", "created_time": "2026-02-19T20:04:47.905139Z", "no_price": 50, "no_price_dollars": "0.5000", "price": 0.5, "taker_side": "no", "ticker": "KXINX-26FEB19H1600-B6862", "trade_id": "b0ea65db-207f-674c-7963-c18d9ea72c66", "yes_price": 50, "yes_price_dollars": "0.5000"}
{"count": 5, "count_fp": "5.00", "created_time": "2026-02-19T20:02:30.477005Z", "no_price": 56, "no_price_dollars": "0.5600", "price": 0.44, "taker_side": "yes", "ticker": "KXINX-26FEB19H1600-B6862", "trade_id": "13c3437f-53f7-4be4-bef3-fc8b2f2562b1", "yes_price": 44, "yes_price_dollars": "0.4400"}
{"count": 5, "count_fp": "5.00", "created_time": "2026-02-19T20:00:55.763667Z", "no_price": 62, "no_price_dollars": "0.6200", "price": 0.38, "taker_side": "yes", "ticker": "KXINX-26FEB19H1600-B6862", "trade_id": "96e69136-ed69-4db0-9487-df8967a855a3", "yes_price": 38, "yes_price_dollars": "0.3800"}
{"count": 5, "count_fp": "5.00", "created_time": "2026-02-19T19:52:27.599664Z", "no_price": 64, "no_price_dollars": "0.6400", "price": 0.36, "taker_side": "no", "ticker": "KXINX-26FEB19H1600-B6862", "trade_id": "e5abf2ca-50fc-61eb-5ee1-981afa8da496", "yes_price": 36, "yes_price_dollars": "0.3600"}
{"count": 5, "count_fp": "5.00", "created_time": "2026-02-19T19:48:50.463359Z", "no_price": 69, "no_price_dollars": "0.6900", "price": 0.31, "taker_side": "yes", "ticker": "KXINX-26FEB19H1600-B6862", "trade_id": "63c06e8d-fdfe-74df-dd4b-6d1e736683de", "yes_price": 31, "yes_price_dollars": "0.3100"}
{"count": 5, "count_fp": "5.00", "created_time": "2026-02-19T19:48:06.634133Z", "no_price": 71, "no_price_dollars": "0.7100", "price": 0.29, "taker_side": "yes", "ticker": "KXINX-26FEB19H1600-B6862", "trade_id": "7009bdb2-8294-76cc-d9b3-97bc72fd78d1", "yes_price": 29, "yes_price_dollars": "0.2900"}
{"count": 5, "count_fp": "5.00", "created_time": "2026-02-19T19:46:08.016227Z", "no_price": 66, "no_price_dollars": "0.6600", "price": 0.34, "taker_side": "no", "ticker": "KXINX-26FEB19H1600-B6862", "trade_id": "42219b55-a9f4-6475-50cb-34a416e53b27", "yes_price": 34, "yes_price_dollars": "0.3400"}
{"count": 5, "count_fp": "5.00", "created_time": "2026-02-19T19:40:23.809385Z", "no_price": 72, "no_price_dollars": "0.7200", "price": 0.28, "taker_side": "yes", "ticker": "KXINX-26FEB19H1600-B6862", "trade_id": "604e46a3-4216-7365-d28f-a4453c4ce145", "yes_price": 28, "yes_price_dollars": "0.2800"}
{"count": 5, "count_fp": "5.00", "created_time": "2026-02-19T19:37:06.307419Z", "no_price": 61, "no_price_dollars": "0.6100", "price": 0.39, "taker_side": "no", "ticker": "KXINX-26FEB19H1600-B6862", "trade_id": "e846a423-875b-64b7-5e8f-62f704aacfeb", "yes_price": 39, "yes_price_dollars": "0.3900"}
{"count": 26, "count_fp": "26.00", "created_time": "2026-02-19T19:37:06.307419Z", "no_price": 61, "no_price_dollars": "0.6100", "price": 0.39, "taker_side": "no", "ticker": "KXINX-26FEB19H1600-B6862", "trade_id": "35c6eaaa-b3da-6c54-4233-b8fea552c9bb", "yes_price": 39, "yes_price_dollars": "0.3900"}
{"count": 5, "count_fp": "5.00", "created_time": "2026-02-19T19:34:56.098524Z", "no_price": 55, "no_price_dollars": "0.5500", "price": 0.45, "taker_side": "yes", "ticker": "KXINX-26FEB19H1600-B6862", "trade_id": "b8fb7b93-a0bf-7183-f127-c0ece73d2a94", "yes_price": 45, "yes_price_dollars": "0.4500"}
{"count": 5, "count_fp": "5.00", "created_time": "2026-02-19T19:29:31.735511Z", "no_price": 53, "no_price_dollars": "0.5300", "price": 0.47, "taker_side": "no", "ticker": "KXINX-26FEB19H1600-B6862", "trade_id": "f4a84540-0614-6d2a-70eb-f4569f073365", "yes_price": 47, "yes_price_dollars": "0.4700"}
{"count": 1, "count_fp": "1.00", "created_time": "2026-02-19T19:24:48.558541Z", "no_price": 44, "no_price_dollars": "0.4400", "price": 0.56, "taker_side": "yes", "ticker": "KXINX-26FEB19H1600-B6862", "trade_id": "0b91f4da-060a-517f-e2e8-572c3bdbf752", "yes_price": 56, "yes_price_dollars": "0.5600"}
{"count": 5, "count_fp": "5.00", "created_time": "2026-02-19T19:19:48.678934Z", "no_price": 46, "no_price_dollars": "0.4600", "price": 0.54, "taker_side": "yes", "ticker": "KXINX-26FEB19H1600-B6862", "trade_id": "2c38ca57-033e-5e27-2a08-98f3c2f79776", "yes_price": 54, "yes_price_dollars": "0.5400"}
{"count": 73, "count_fp": "73.00", "created_time": "2026-02-19T19:18:32.374182Z", "no_price": 46, "no_price_dollars": "0.4600", "price": 0.54, "taker_side": "yes", "ticker": "KXINX-26FEB19H1600-B6862", "trade_id": "bf576dc5-4986-7497-bce0-d4a0397cda16", "yes_price": 54, "yes_price_dollars": "0.5400"}
{"count": 5, "count_fp": "5.00", "created_time": "2026-02-19T19:18:32.374182Z", "no_price": 47, "no_price_dollars": "0.4700", "price": 0.53, "taker_side": "yes", "ticker": "KXINX-26FEB19H1600-B6862", "trade_id": "841ff4b8-0ed0-7903-a852-331c432e93a0", "yes_price": 53, "yes_price_dollars": "0.5300"}
{"count": 12, "count_fp": "12.00", "created_time": "2026-02-19T19:18:32.374182Z", "no_price": 47, "no_price_dollars": "0.4700", "price": 0.53, "taker_side": "yes", "ticker": "KXINX-26FEB19H1600-B6862", "trade_id": "7748cf62-124b-74e3-a530-1380a8378960", "yes_price": 53, "yes_price_dollars": "0.5300"}
{"count": 1, "count_fp": "1.00", "created_time": "2026-02-19T19:18:32.374182Z", "no_price": 46, "no_price_dollars": "0.4600", "price": 0.54, "taker_side": "yes", "ticker": "KXINX-26FEB19H1600-B6862", "trade_id": "51752f0c-106a-7b62-a14c-3e30ef345d29", "yes_price": 54, "yes_price_dollars": "0.5400"}
{"count": 300, "count_fp": "300.00", "created_time": "2026-02-19T19:12:29.013532Z", "no_price": 52, "no_price_dollars": "0.5200", "price": 0.48, "taker_side": "yes", "ticker": "KXINX-26FEB19H1600-B6862", "trade_id": "c15170d1-08ff-5c73-13b6-35d19f2b6cd4", "yes_price": 48, "yes_price_dollars": "0.4800"}
{"count": 12, "count_fp": "12.00", "created_time": "2026-02-19T19:01:35.729729Z", "no_price": 55, "no_price_dollars": "0.5500", "price": 0.45, "taker_side": "yes", "ticker": "KXINX-26FEB19H1600-B6862", "trade_id": "907ac322-085d-5a89-13d9-421468478660", "yes_price": 45, "yes_price_dollars": "0.4500"}
{"count": 2, "count_fp": "2.00", "created_time": "2026-02-19T19:00:41.845343Z", "no_price": 56, "no_price_dollars": "0.5600", "price": 0.44, "taker_side": "no", "ticker": "KXINX-26FEB19H1600-B6862", "trade_id": "452220f0-30bc-4c70-5590-b2be2c04e062", "yes_price": 44, "yes_price_dollars": "0.4400"}
{"count": 18, "count_fp": "18.00", "created_time": "2026-02-19T19:00:41.845343Z", "no_price": 56, "no_price_dollars": "0.5600", "price": 0.44, "taker_side": "no", "ticker": "KXINX-26FEB19H1600-B6862", "trade_id": "13165e23-4544-4b8b-7ade-2dd5f3ff5c42", "yes_price": 44, "yes_price_dollars": "0.4400"}
{"count": 112, "count_fp": "112.00", "created_time": "2026-02-19T18:59:00.921701Z", "no_price": 58, "no_price_dollars": "0.5800", "price": 0.42, "taker_side": "yes", "ticker": "KXINX-26FEB19H1600-B6862", "trade_id": "f17a5634-b0a4-5e00-339d-68ac4328b0a4", "yes_price": 42, "yes_price_dollars": "0.4200"}
{"count": 2, "count_fp": "2.00", "created_time": "2026-02-19T18:46:24.413508Z", "no_price": 62, "no_price_dollars": "0.6200", "price": 0.38, "taker_side": "yes", "ticker": "KXINX-26FEB19H1600-B6862", "trade_id": "b201f5bd-c0a2-56c2-28ac-fbec91f0ca63", "yes_price": 38, "yes_price_dollars": "0.3800"}
{"count": 12, "count_fp": "12.00", "created_time": "2026-02-19T18:46:18.685717Z", "no_price": 63, "no_price_dollars": "0.6300", "price": 0.37, "taker_side": "yes", "ticker": "KXINX-26FEB19H1600-B6862", "trade_id": "6491a0b0-8105-51d6-2732-3f40720d39d1", "yes_price": 37, "yes_price_dollars": "0.3700"}
{"count": 3, "count_fp": "3.00", "created_time": "2026-02-19T18:20:01.002451Z", "no_price": 70, "no_price_dollars": "0.7000", "price": 0.3, "taker_side": "no", "ticker": "KXINX-26FEB19H1600-B6862", "trade_id": "2ef55af2-3361-4534-c1f1-864bf67b4c21", "yes_price": 30, "yes_price_dollars": "0.3000"}
{"count": 8, "count_fp": "8.00", "created_time": "2026-02-19T18:17:31.810062Z", "no_price": 66, "no_price_dollars": "0.6600", "price": 0.34, "taker_side": "no", "ticker": "KXINX-26FEB19H1600-B6862", "trade_id": "4c7c7721-07e7-4597-fb55-f3773e0f48c8", "yes_price": 34, "yes_price_dollars": "0.3400"}
{"count": 8, "count_fp": "8.00", "created_time": "2026-02-19T18:13:29.034359Z", "no_price": 65, "no_price_dollars": "0.6500", "price": 0.35, "taker_side": "yes", "ticker": "KXINX-26FEB19H1600-B6862", "trade_id": "ba531525-40ae-7c4f-a7ef-9e4613636a74", "yes_price": 35, "yes_price_dollars": "0.3500"}
{"count": 2, "count_fp": "2.00", "created_time": "2026-02-19T18:13:07.875886Z", "no_price": 67, "no_price_dollars": "0.6700", "price": 0.33, "taker_side": "yes", "ticker": "KXINX-26FEB19H1600-B6862", "trade_id": "d7cccf08-fee6-7ed0-8826-3fc29e4f2521", "yes_price": 33, "yes_price_dollars": "0.3300"}
{"count": 3, "count_fp": "3.00", "created_time": "2026-02-19T18:10:47.791277Z", "no_price": 70, "no_price_dollars": "0.7000", "price": 0.3, "taker_side": "no", "ticker": "KXINX-26FEB19H1600-B6862", "trade_id": "eaec294e-6910-5eec-a469-e3ecddee9f66", "yes_price": 30, "yes_price_dollars": "0.3000"}
{"count": 2, "count_fp": "2.00", "created_time": "2026-02-19T18:10:47.791277Z", "no_price": 69, "no_price_dollars": "0.6900", "price": 0.31, "taker_side": "no", "ticker": "KXINX-26FEB19H1600-B6862", "trade_id": "8d73d8e5-1a18-599d-b9c1-48e0b221e440", "yes_price": 31, "yes_price_dollars": "0.3100"}
{"count": 207, "count_fp": "207.00", "created_time": "2026-02-19T18:01:10.268299Z", "no_price": 70, "no_price_dollars": "0.7000", "price": 0.3, "taker_side": "yes", "ticker": "KXINX-26FEB19H1600-B6862", "trade_id": "c5338109-07bb-7dcd-b1f3-65f0f7aa1da9", "yes_price": 30, "yes_price_dollars": "0.3000"}
{"count": 8, "count_fp": "8.00", "created_time": "2026-02-19T18:01:04.643838Z", "no_price": 70, "no_price_dollars": "0.7000", "price": 0.3, "taker_side": "no", "ticker": "KXINX-26FEB19H1600-B6862", "trade_id": "95584fd3-8a93-618f-6527-196fd2cb1adf", "yes_price": 30, "yes_price_dollars": "0.3000"}
{"count": 5, "count_fp": "5.00", "created_time": "2026-02-19T18:01:04.643838Z", "no_price": 70, "no_price_dollars": "0.7000", "price": 0.3, "taker_side": "no", "ticker": "KXINX-26FEB19H1600-B6862", "trade_id": "01309ca6-5a78-60a3-61a7-d71e07144925", "yes_price": 30, "yes_price_dollars": "0.3000"}
{"count": 2, "count_fp": "2.00", "created_time": "2026-02-19T17:56:11.253476Z", "no_price": 68, "no_price_dollars": "0.6800", "price": 0.32, "taker_side": "yes", "ticker": "KXINX-26FEB19H1600-B6862", "trade_id": "528a70b8-d86e-7fa6-a361-548a48b2c567", "yes_price": 32, "yes_price_dollars": "0.3200"}
{"count": 2, "count_fp": "2.00", "created_time": "2026-02-19T17:53:07.158489Z", "no_price": 68, "no_price_dollars": "0.6800", "price": 0.32, "taker_side": "no", "ticker": "KXINX-26FEB19H1600-B6862", "trade_id": "fdcd00db-4e45-4de7-f83e-01ddbeac6b83", "yes_price": 32, "yes_price_dollars": "0.3200"}
{"count": 97, "count_fp": "97.00", "created_time": "2026-02-19T17:48:37.225868Z", "no_price": 66, "no_price_dollars": "0.6600", "price": 0.34, "taker_side": "no", "ticker": "KXINX-26FEB19H1600-B6862", "trade_id": "b893ad90-e25f-48f3-e8a5-5d1c7f4e0f72", "yes_price": 34, "yes_price_dollars": "0.3400"}
{"count": 3, "count_fp": "3.00", "created_time": "2026-02-19T17:47:59.390437Z", "no_price": 66, "no_price_dollars": "0.6600", "price": 0.34, "taker_side": "no", "ticker": "KXINX-26FEB19H1600-B6862", "trade_id": "29f163fb-30ff-61f7-d5a0-9b37e7ff564a", "yes_price": 34, "yes_price_dollars": "0.3400"}
{"count": 4, "count_fp": "4.00", "created_time": "2026-02-19T17:21:27.331673Z", "no_price": 68, "no_price_dollars": "0.6800", "price": 0.32, "taker_side": "no", "ticker": "KXINX-26FEB19H1600-B6862", "trade_id": "e699ee8e-1a39-5136-6d08-6b2c3e8833e8", "yes_price": 32, "yes_price_dollars": "0.3200"}
{"count": 5, "count_fp": "5.00", "created_time": "2026-02-19T17:21:27.331673Z", "no_price": 69, "no_price_dollars": "0.6900", "price": 0.31, "taker_side": "no", "ticker": "KXINX-26FEB19H1600-B6862", "trade_id": "ad503150-fccf-5e6d-672c-f5934996ffa1", "yes_price": 31, "yes_price_dollars": "0.3100"}
{"count": 41, "count_fp": "41.00", "created_time": "2026-02-19T17:21:27.331673Z", "no_price": 68, "no_price_dollars": "0.6800", "price": 0.32, "taker_side": "no", "ticker": "KXINX-26FEB19H1600-B6862", "trade_id": "2902b887-3113-540d-4f53-7d7abe52041d", "yes_price": 32, "yes_price_dollars": "0.3200"}
{"count": 12, "count_fp": "12.00", "created_time": "2026-02-19T17:13:27.94014Z", "no_price": 69, "no_price_dollars": "0.6900", "price": 0.31, "taker_side": "yes", "ticker": "KXINX-26FEB19H1600-B6862", "trade_id": "be391e7e-18b5-5210-9bde-75c3d7252e17", "yes_price": 31, "yes_price_dollars": "0.3100"}
{"count": 18, "count_fp": "18.00", "created_time": "2026-02-19T17:13:27.94014Z", "no_price": 66, "no_price_dollars": "0.6600", "price": 0.34, "taker_side": "yes", "ticker": "KXINX-26FEB19H1600-B6862", "trade_id": "7e92ec07-74d5-542b-900f-854845c256bc", "yes_price": 34, "yes_price_dollars": "0.3400"}
{"count": 1, "count_fp": "1.00", "created_time": "2026-02-19T16:59:15.671713Z", "no_price": 71, "no_price_dollars": "0.7100", "price": 0.29, "taker_side": "no", "ticker": "KXINX-26FEB19H1600-B6862", "trade_id": "0b7f40df-210d-7a06-b9b0-eaf2167fb406", "yes_price": 29, "yes_price_dollars": "0.2900"}
{"count": 1000, "count_fp": "1000.00", "created_time": "2026-02-19T16:50:33.134767Z", "no_price": 70, "no_price_dollars": "0.7000", "price": 0.3, "taker_side": "no", "ticker": "KXINX-26FEB19H1600-B6862", "trade_id": "bfc28297-524c-4ce5-8bdb-88fb6c295f90", "yes_price": 30, "yes_price_dollars": "0.3000"}
{"count": 490, "count_fp": "490.00", "created_time": "2026-02-19T16:50:33.134767Z", "no_price": 70, "no_price_dollars": "0.7000", "price": 0.3, "taker_side": "no", "ticker": "KXINX-26FEB19H1600-B6862", "trade_id": "242e33c9-8418-4668-9436-ec8ce3170572", "yes_price": 30, "yes_price_dollars": "0.3000"}
{"count": 10, "count_fp": "10.00", "created_time": "2026-02-19T16:50:10.999128Z", "no_price": 70, "no_price_dollars": "0.7000", "price": 0.3, "taker_side": "yes", "ticker": "KXINX-26FEB19H1600-B6862", "trade_id": "6fdd1c5a-a4c3-77e1-e155-8d315d504bba", "yes_price": 30, "yes_price_dollars": "0.3000"}
{"count": 2, "count_fp": "2.00", "created_time": "2026-02-19T15:15:42.461923Z", "no_price": 77, "no_price_dollars": "0.7700", "price": 0.23, "taker_side": "no", "ticker": "KXINX-26FEB19H1600-B6862", "trade_id": "9c879f04-f188-6db1-2fd1-2a302c1d0e3e", "yes_price": 23, "yes_price_dollars": "0.2300"}
{"count": 16, "count_fp": "16.00", "created_time": "2026-02-19T15:14:34.229299Z", "no_price": 76, "no_price_dollars": "0.7600", "price": 0.24, "taker_side": "yes", "ticker": "KXINX-26FEB19H1600-B6862", "trade_id": "f194e186-cfd7-6281-3e01-dcc981a7d428", "yes_price": 24, "yes_price_dollars": "0.2400"}
{"count": 2, "count_fp": "2.00", "created_time": "2026-02-19T15:14:34.229299Z", "no_price": 76, "no_price_dollars": "0.7600", "price": 0.24, "taker_side": "yes", "ticker": "KXINX-26FEB19H1600-B6862", "trade_id": "9506c044-0c77-69dc-146e-479c094f08d1", "yes_price": 24, "yes_price_dollars": "0.2400"}
{"count": 2, "count_fp": "2.00", "created_time": "2026-02-19T15:14:34.229299Z", "no_price": 77, "no_price_dollars": "0.7700", "price": 0.23, "taker_side": "yes", "ticker": "KXINX-26FEB19H1600-B6862", "trade_id": "845a8fdc-c6c0-6f39-3380-510bb3676ed7", "yes_price": 23, "yes_price_dollars": "0.2300"}
{"count": 220, "count_fp": "220.00", "created_time": "2026-02-19T15:09:48.483898Z", "no_price": 78, "no_price_dollars": "0.7800", "price": 0.22, "taker_side": "yes", "ticker": "KXINX-26FEB19H1600-B6862", "trade_id": "f1da687e-0eb3-6771-f7ca-0596951dd904", "yes_price": 22, "yes_price_dollars": "0.2200"}
{"count": 15, "count_fp": "15.00", "created_time": "2026-02-19T15:01:15.578549Z", "no_price": 78, "no_price_dollars": "0.7800", "price": 0.22, "taker_side": "yes", "ticker": "KXINX-26FEB19H1600-B6862", "trade_id": "87c89009-1c47-7f71-c278-166af9f83f60", "yes_price": 22, "yes_price_dollars": "0.2200"}
{"count": 5, "count_fp": "5.00", "created_time": "2026-02-19T15:01:15.578549Z", "no_price": 79, "no_price_dollars": "0.7900", "price": 0.21, "taker_side": "yes", "ticker": "KXINX-26FEB19H1600-B6862", "trade_id": "2d7d92c2-f3f2-7265-dfc4-838823a83530", "yes_price": 21, "yes_price_dollars": "0.2100"}
{"count": 5, "count_fp": "5.00", "created_time": "2026-02-19T20:57:28.639289Z", "no_price": 91, "no_price_dollars": "0.9100", "price": 0.09, "taker_side": "no", "ticker": "KXINX-26FEB19H1600-B6837", "trade_id": "3748fe27-f5fa-6046-0602-32ed661d4b66", "yes_price": 9, "yes_price_dollars": "0.0900"}
{"count": 50, "count_fp": "50.00", "created_time": "2026-02-19T20:57:23.462735Z", "no_price": 88, "no_price_dollars": "0.8800", "price": 0.12, "taker_side": "no", "ticker": "KXINX-26FEB19H1600-B6837", "trade_id": "e7c6a591-8d60-6308-3b8c-90eaead91aaa", "yes_price": 12, "yes_price_dollars": "0.1200"}
{"count": 45, "count_fp": "45.00", "created_time": "2026-02-19T20:57:06.93787Z", "no_price": 88, "no_price_dollars": "0.8800", "price": 0.12, "taker_side": "yes", "ticker": "KXINX-26FEB19H1600-B6837", "trade_id": "ae390028-37ec-58e1-42f4-7cc003cd5abd", "yes_price": 12, "yes_price_dollars": "0.1200"}
{"count": 5, "count_fp": "5.00", "created_time": "2026-02-19T20:56:58.937167Z", "no_price": 88, "no_price_dollars": "0.8800", "price": 0.12, "taker_side": "yes", "ticker": "KXINX-26FEB19H1600-B6837", "trade_id": "6a8d5380-4e91-404a-4c63-578d5f88c4df", "yes_price": 12, "yes_price_dollars": "0.1200"}
{"count": 4, "count_fp": "4.00", "created_time": "2026-02-19T20:56:58.937167Z", "no_price": 88, "no_price_dollars": "0.8800", "price": 0.12, "taker_side": "yes", "ticker": "KXINX-26FEB19H1600-B6837", "trade_id": "4b5301a3-37e8-48d5-7295-b59407c078b9", "yes_price": 12, "yes_price_dollars": "0.1200"}
{"count": 17, "count_fp": "17.00", "created_time": "2026-02-19T20:56:58.812362Z", "no_price": 89, "no_price_dollars": "0.8900", "price": 0.11, "taker_side": "yes", "ticker": "KXINX-26FEB19H1600-B6837", "trade_id": "2bbcd656-7b11-49b0-311c-585e74794f6a", "yes_price": 11, "yes_price_dollars": "0.1100"}
{"count": 13, "count_fp": "13.00", "created_time": "2026-02-19T20:56:50.817993Z", "no_price": 85, "no_price_dollars": "0.8500", "price": 0.15, "taker_side": "yes", "ticker": "KXINX-26FEB19H1600-B6837", "trade_id": "ed3a26e8-6aac-4b61-2461-8c103afcb4c9", "yes_price": 15, "yes_price_dollars": "0.1500"}
{"count": 17, "count_fp": "17.00", "created_time": "2026-02-19T20:56:50.817993Z", "no_price": 85, "no_price_dollars": "0.8500", "price": 0.15, "taker_side": "yes", "ticker": "KXINX-26FEB19H1600-B6837", "trade_id": "3cced8b9-20c1-462a-36ee-b21c84148bd2", "yes_price": 15, "yes_price_dollars": "0.1500"}
{"count": 34, "count_fp": "34.00", "created_time": "2026-02-19T20:56:19.076164Z", "no_price": 80, "no_price_dollars": "0.8000", "price": 0.2, "taker_side": "no", "ticker": "KXINX-26FEB19H1600-B6837", "trade_id": "6a71dcb0-e774-63bf-19b5-dd21313641ec", "yes_price": 20, "yes_price_dollars": "0.2000"}
{"count": 5, "count_fp": "5.00", "created_time": "2026-02-19T20:56:07.276839Z", "no_price": 85, "no_price_dollars": "0.8500", "price": 0.15, "taker_side": "yes", "ticker": "KXINX-26FEB19H1600-B6837", "trade_id": "f1543d97-c2f3-6646-7694-c6774ff7c8f9", "yes_price": 15, "yes_price_dollars": "0.1500"}
{"count": 135, "count_fp": "135.00", "created_time": "2026-02-19T20:55:55.729692Z", "no_price": 89, "no_price_dollars": "0.8900", "price": 0.11, "taker_side": "no", "ticker": "KXINX-26FEB19H1600-B6837", "trade_id": "60ea607c-e550-6ec1-19ab-9555994daeee", "yes_price": 11, "yes_price_dollars": "0.1100"}
{"count": 5, "count_fp": "5.00", "created_time": "2026-02-19T20:55:40.434184Z", "no_price": 91, "no_price_dollars": "0.9100", "price": 0.09, "taker_side": "yes", "ticker": "KXINX-26FEB19H1600-B6837", "trade_id": "81e7d7e2-8940-6703-64ba-5021fdec4148", "yes_price": 9, "yes_price_dollars": "0.0900"}
{"count": 39, "count_fp": "39.00", "created_time": "2026-02-19T20:55:20.941513Z", "no_price": 92, "no_price_dollars": "0.9200", "price": 0.08, "taker_side": "yes", "ticker": "KXINX-26FEB19H1600-B6837", "trade_id": "bece8053-464f-63aa-71d0-490fa499495c", "yes_price": 8, "yes_price_dollars": "0.0800"}
{"count": 5, "count_fp": "5.00", "created_time": "2026-02-19T20:55:04.583159Z", "no_price": 87, "no_price_dollars": "0.8700", "price": 0.13, "taker_side": "no", "ticker": "KXINX-26FEB19H1600-B6837", "trade_id": "bc76ef8c-9083-650e-363b-25a3d0cd9d00", "yes_price": 13, "yes_price_dollars": "0.1300"}
{"count": 19, "count_fp": "19.00", "created_time": "2026-02-19T20:55:04.583159Z", "no_price": 86, "no_price_dollars": "0.8600", "price": 0.14, "taker_side": "no", "ticker": "KXINX-26FEB19H1600-B6837", "trade_id": "0d0e3b6c-2ec4-6a56-3151-38ffb6ecb0a5", "yes_price": 14, "yes_price_dollars": "0.1400"}
{"count": 20, "count_fp": "20.00", "created_time": "2026-02-19T20:55:02.016684Z", "no_price": 86, "no_price_dollars": "0.8600", "price": 0.14, "taker_side": "no", "ticker": "KXINX-26FEB19H1600-B6837", "trade_id": "fa2b55e7-6425-56de-d918-e60bbc9537ff", "yes_price": 14, "yes_price_dollars": "0.1400"}
{"count": 5, "count_fp": "5.00", "created_time": "2026-02-19T20:54:10.526757Z", "no_price": 82, "no_price_dollars": "0.8200", "price": 0.18, "taker_side": "no", "ticker": "KXINX-26FEB19H1600-B6837", "trade_id": "a189cf91-e88e-67e8-0934-80248f3f2e3f", "yes_price": 18, "yes_price_dollars": "0.1800"}
{"count": 5, "count_fp": "5.00", "created_time": "2026-02-19T20:54:01.999221Z", "no_price": 81, "no_price_dollars": "0.8100", "price": 0.19, "taker_side": "yes", "ticker": "KXINX-26FEB19H1600-B6837", "trade_id": "3b8b6634-443b-4a23-3d14-714d236246ed", "yes_price": 19, "yes_price_dollars": "0.1900"}
{"count": 5, "count_fp": "5.00", "created_time": "2026-02-19T20:53:39.359277Z", "no_price": 82, "no_price_dollars": "0.8200", "price": 0.18, "taker_side": "yes", "ticker": "KXINX-26FEB19H1600-B6837", "trade_id": "e26be66d-8b8e-45b7-068b-80cd4e541ecf", "yes_price": 18, "yes_price_dollars": "0.1800"}
{"count": 5, "count_fp": "5.00", "created_time": "2026-02-19T20:52:36.979814Z", "no_price": 74, "no_price_dollars": "0.7400", "price": 0.26, "taker_side": "no", "ticker": "KXINX-26FEB19H1600-B6837", "trade_id": "9f1f6eb7-23b3-6827-2bc5-e1917f8a4cd7", "yes_price": 26, "yes_price_dollars": "0.2600"}
{"count": 5, "count_fp": "5.00", "created_time": "2026-02-19T20:52:02.246169Z", "no_price": 68, "no_price_dollars": "0.6800", "price": 0.32, "taker_side": "yes", "ticker": "KXINX-26FEB19H1600-B6837", "trade_id": "46c9376e-59cb-7bb3-f2ec-3599c0e6aab0", "yes_price": 32, "yes_price_dollars": "0.3200"}
{"count": 2, "count_fp": "2.00", "created_time": "2026-02-19T20:52:01.318773Z", "no_price": 69, "no_price_dollars": "0.6900", "price": 0.31, "taker_side": "yes", "ticker": "KXINX-26FEB19H1600-B6837", "trade_id": "41efff62-3347-74b4-cbc9-6be908a4c2e8", "yes_price": 31, "yes_price_dollars": "0.3100"}
{"count": 5, "count_fp": "5.00", "created_time": "2026-02-19T20:51:51.912301Z", "no_price": 72, "no_price_dollars": "0.7200", "price": 0.28, "taker_side": "yes", "ticker": "KXINX-26FEB19H1600-B6837", "trade_id": "907ae374-d545-7662-d180-e2bf3d13c62f", "yes_price": 28, "yes_price_dollars": "0.2800"}
{"count": 5, "count_fp": "5.00", "created_time": "2026-02-19T20:51:03.598867Z", "no_price": 76, "no_price_dollars": "0.7600", "price": 0.24, "taker_side": "yes", "ticker": "KXINX-26FEB19H1600-B6837", "trade_id": "95e7a8ad-6105-43a7-3f53-8362e6178510", "yes_price": 24, "yes_price_dollars": "0.2400"}
{"count": 2, "count_fp": "2.00", "created_time": "2026-02-19T20:50:53.524303Z", "no_price": 74, "no_price_dollars": "0.7400", "price": 0.26, "taker_side": "no", "ticker": "KXINX-26FEB19H1600-B6837", "trade_id": "85856b2b-a921-69a8-17d4-55405d94839d", "yes_price": 26, "yes_price_dollars": "0.2600"}
{"count": 5, "count_fp": "5.00", "created_time": "2026-02-19T20:50:05.469583Z", "no_price": 75, "no_price_dollars": "0.7500", "price": 0.25, "taker_side": "yes", "ticker": "KXINX-26FEB19H1600-B6837", "trade_id": "dbe766ae-941d-4ac0-29ab-1dcbf6b7d99a", "yes_price": 25, "yes_price_dollars": "0.2500"}
{"count": 5, "count_fp": "5.00", "created_time": "2026-02-19T20:49:54.170146Z", "no_price": 76, "no_price_dollars": "0.7600", "price": 0.24, "taker_side": "yes", "ticker": "KXINX-26FEB19H1600-B6837", "trade_id": "485d9e6d-3edb-7877-f162-45f4a100ee40", "yes_price": 24, "yes_price_dollars": "0.2400"}
{"count": 5327, "count_fp": "5327.00", "created_time": "2026-02-19T20:49:50.224833Z", "no_price": 80, "no_price_dollars": "0.8000", "price": 0.2, "taker_side": "no", "ticker": "KXINX-26FEB19H1600-B6837", "trade_id": "731f2522-6956-6f60-b097-c22be8d1b5c3", "yes_price": 20, "yes_price_dollars": "0.2000"}
{"count": 15, "count_fp": "15.00", "created_time": "2026-02-19T20:49:50.224833Z", "no_price": 77, "no_price_dollars": "0.7700", "price": 0.23, "taker_side": "no", "ticker": "KXINX-26FEB19H1600-B6837", "trade_id": "255afd19-bdcd-6d48-897b-b497d941021c", "yes_price": 23, "yes_price_dollars": "0.2300"}
{"count": 5, "count_fp": "5.00", "created_time": "2026-02-19T20:49:50.224833Z", "no_price": 80, "no_price_dollars": "0.8000", "price": 0.2, "taker_side": "no", "ticker": "KXINX-26FEB19H1600-B6837", "trade_id": "0957a1cb-874d-621c-9329-28e3765939c0", "yes_price": 20, "yes_price_dollars": "0.2000"}
{"count": 9, "count_fp": "9.00", "created_time": "2026-02-19T20:48:41.615901Z", "no_price": 65, "no_price_dollars": "0.6500", "price": 0.35, "taker_side": "no", "ticker": "KXINX-26FEB19H1600-B6837", "trade_id": "3675c0bb-1d3e-5b5c-afd4-dd848762ebcf", "yes_price": 35, "yes_price_dollars": "0.3500"}
{"count": 5, "count_fp": "5.00", "created_time": "2026-02-19T20:48:37.127242Z", "no_price": 66, "no_price_dollars": "0.6600", "price": 0.34, "taker_side": "yes", "ticker": "KXINX-26FEB19H1600-B6837", "trade_id": "69435840-a827-4de6-3e0a-427cef55bfce", "yes_price": 34, "yes_price_dollars": "0.3400"}
{"count": 200, "count_fp": "200.00", "created_time": "2026-02-19T20:48:37.127242Z", "no_price": 66, "no_price_dollars": "0.6600", "price": 0.34, "taker_side": "yes", "ticker": "KXINX-26FEB19H1600-B6837", "trade_id": "215dff55-4c1b-46d6-08ce-f35766d75806", "yes_price": 34, "yes_price_dollars": "0.3400"}
{"count": 5, "count_fp": "5.00", "created_time": "2026-02-19T20:48:09.471518Z", "no_price": 72, "no_price_dollars": "0.7200", "price": 0.28, "taker_side": "yes", "ticker": "KXINX-26FEB19H1600-B6837", "trade_id": "f4d3da48-600b-4c45-18bb-7c9ae01f513d", "yes_price": 28, "yes_price_dollars": "0.2800"}
{"count": 5, "count_fp": "5.00", "created_time": "2026-02-19T20:47:22.458234Z", "no_price": 72, "no_price_dollars": "0.7200", "price": 0.28, "taker_side": "no", "ticker": "KXINX-26FEB19H1600-B6837", "trade_id": "a6382290-9f85-493b-5d3c-e0418ce35e45", "yes_price": 28, "yes_price_dollars": "0.2800"}
{"count": 4, "count_fp": "4.00", "created_time": "2026-02-19T20:46:37.905896Z", "no_price": 60, "no_price_dollars": "0.6000", "price": 0.4, "taker_side": "yes", "ticker": "KXINX-26FEB19H1600-B6837", "trade_id": "11585a34-9072-726d-dc95-f4140c54d232", "yes_price": 40, "yes_price_dollars": "0.4000"}
{"count": 5, "count_fp": "5.00", "created_time": "2026-02-19T20:46:28.929659Z", "no_price": 60, "no_price_dollars": "0.6000", "price": 0.4, "taker_side": "yes", "ticker": "KXINX-26FEB19H1600-B6837", "trade_id": "ea870d93-c77e-4842-f9f7-a2a02236b6b5", "yes_price": 40, "yes_price_dollars": "0.4000"}
{"count": 5, "count_fp": "5.00", "created_time": "2026-02-19T20:44:35.399255Z", "no_price": 53, "no_price_dollars": "0.5300", "price": 0.47, "taker_side": "no", "ticker": "KXINX-26FEB19H1600-B6837", "trade_id": "ecb3e6b2-3da3-4ac3-42cf-a9e813ae7c35", "yes_price": 47, "yes_price_dollars": "0.4700"}
{"count": 5, "count_fp": "5.00", "created_time": "2026-02-19T20:44:06.202816Z", "no_price": 46, "no_price_dollars": "0.4600", "price": 0.54, "taker_side": "no", "ticker": "KXINX-26FEB19H1600-B6837", "trade_id": "87810f41-a2c9-47f3-77b9-d2127a91f285", "yes_price": 54, "yes_price_dollars": "0.5400"}
{"count": 30, "count_fp": "30.00", "created_time": "2026-02-19T20:43:46.971069Z", "no_price": 45, "no_price_dollars": "0.4500", "price": 0.55, "taker_side": "yes", "ticker": "KXINX-26FEB19H1600-B6837", "trade_id": "5148beb1-616e-6e15-b8a0-7bfe347905d6", "yes_price": 55, "yes_price_dollars": "0.5500"}
{"count": 5, "count_fp": "5.00", "created_time": "2026-02-19T20:43:43.421194Z", "no_price": 47, "no_price_dollars": "0.4700", "price": 0.53, "taker_side": "no", "ticker": "KXINX-26FEB19H1600-B6837", "trade_id": "9a7a441a-5d97-5a9d-cc39-82ed12266529", "yes_price": 53, "yes_price_dollars": "0.5300"}
{"count": 187, "count_fp": "187.00", "created_time": "2026-02-19T20:43:43.421194Z", "no_price": 49, "no_price_dollars": "0.4900", "price": 0.51, "taker_side": "no", "ticker": "KXINX-26FEB19H1600-B6837", "trade_id": "90cea54d-a0b1-592d-e701-e6ee32b2d6e1", "yes_price": 51, "yes_price_dollars": "0.5100"}
{"count": 5, "count_fp": "5.00", "created_time": "2026-02-19T20:43:05.171613Z", "no_price": 45, "no_price_dollars": "0.4500", "price": 0.55, "taker_side": "yes", "ticker": "KXINX-26FEB19H1600-B6837", "trade_id": "c3e171c8-0446-469d-c469-9d84f9cd4732", "yes_price": 55, "yes_price_dollars": "0.5500"}
{"count": 5, "count_fp": "5.00", "created_time": "2026-02-19T20:43:02.411854Z", "no_price": 45, "no_price_dollars": "0.4500", "price": 0.55, "taker_side": "no", "ticker": "KXINX-26FEB19H1600-B6837", "trade_id": "1125deff-f4dd-4825-6b4b-725214533ffd", "yes_price": 55, "yes_price_dollars": "0.5500"}
{"count": 2, "count_fp": "2.00", "created_time": "2026-02-19T20:41:41.632634Z", "no_price": 45, "no_price_dollars": "0.4500", "price": 0.55, "taker_side": "yes", "ticker": "KXINX-26FEB19H1600-B6837", "trade_id": "86ed85da-3bdf-4934-6ac8-3c2483179cf7", "yes_price": 55, "yes_price_dollars": "0.5500"}
{"count": 5, "count_fp": "5.00", "created_time": "2026-02-19T20:41:40.442526Z", "no_price": 46, "no_price_dollars": "0.4600", "price": 0.54, "taker_side": "yes", "ticker": "KXINX-26FEB19H1600-B6837", "trade_id": "6eba1a74-5d43-449d-5ec3-39d2fd1c2a33", "yes_price": 54, "yes_price_dollars": "0.5400"}
{"count": 12, "count_fp": "12.00", "created_time": "2026-02-19T20:41:39.014594Z", "no_price": 47, "no_price_dollars": "0.4700", "price": 0.53, "taker_side": "yes", "ticker": "KXINX-26FEB19H1600-B6837", "trade_id": "e912f9ae-ba76-48f4-6817-926ba5b2a527", "yes_price": 53, "yes_price_dollars": "0.5300"}
{"count": 100, "count_fp": "100.00", "created_time": "2026-02-19T20:41:32.985107Z", "no_price": 48, "no_price_dollars": "0.4800", "price": 0.52, "taker_side": "yes", "ticker": "KXINX-26FEB19H1600-B6837", "trade_id": "93c59767-30fe-4e8b-46de-8b620797b02d", "yes_price": 52, "yes_price_dollars": "0.5200"}
{"count": 5, "count_fp": "5.00", "created_time": "2026-02-19T20:41:00.48843Z", "no_price": 54, "no_price_dollars": "0.5400", "price": 0.46, "taker_side": "yes", "ticker": "KXINX-26FEB19H1600-B6837", "trade_id": "acf7182c-a398-4ed0-6b82-13b5f130897c", "yes_price": 46, "yes_price_dollars": "0.4600"}
{"count": 28, "count_fp": "28.00", "created_time": "2026-02-19T20:40:48.951537Z", "no_price": 57, "no_price_dollars": "0.5700", "price": 0.43, "taker_side": "no", "ticker": "KXINX-26FEB19H1600-B6837", "trade_id": "f41a4f85-b874-5476-99a8-a5e241781bb7", "yes_price": 43, "yes_price_dollars": "0.4300"}
{"count": 5, "count_fp": "5.00", "created_time": "2026-02-19T20:40:48.951537Z", "no_price": 57, "no_price_dollars": "0.5700", "price": 0.43, "taker_side": "no", "ticker": "KXINX-26FEB19H1600-B6837", "trade_id": "f19c0cca-23d7-56d4-af00-533b5690cf7d", "yes_price": 43, "yes_price_dollars": "0.4300"}
{"count": 49, "count_fp": "49.00", "created_time": "2026-02-19T20:40:48.951537Z", "no_price": 58, "no_price_dollars": "0.5800", "price": 0.42, "taker_side": "no", "ticker": "KXINX-26FEB19H1600-B6837", "trade_id": "bf8865f5-fd26-5623-a964-55337adab949", "yes_price": 42, "yes_price_dollars": "0.4200"}
{"count": 5, "count_fp": "5.00", "created_time": "2026-02-19T20:40:17.326037Z", "no_price": 53, "no_price_dollars": "0.5300", "price": 0.47, "taker_side": "no", "ticker": "KXINX-26FEB19H1600-B6837", "trade_id": "87bb83ce-21b8-457f-41d4-ac37b58928d1", "yes_price": 47, "yes_price_dollars": "0.4700"}
{"count": 5, "count_fp": "5.00", "created_time": "2026-02-19T20:39:14.231792Z", "no_price": 50, "no_price_dollars": "0.5000", "price": 0.5, "taker_side": "yes", "ticker": "KXINX-26FEB19H1600-B6837", "trade_id": "69127f52-c074-41a9-4936-f3f0e491ae63", "yes_price": 50, "yes_price_dollars": "0.5000"}
{"count": 5347, "count_fp": "5347.00", "created_time": "2026-02-19T20:38:47.36002Z", "no_price": 49, "no_price_dollars": "0.4900", "price": 0.51, "taker_side": "yes", "ticker": "KXINX-26FEB19H1600-B6837", "trade_id": "aca7a43a-7876-47d9-43cf-cb67c7d55676", "yes_price": 51, "yes_price_dollars": "0.5100"}
{"count": 5, "count_fp": "5.00", "created_time": "2026-02-19T20:38:46.272304Z", "no_price": 50, "no_price_dollars": "0.5000", "price": 0.5, "taker_side": "no", "ticker": "KXINX-26FEB19H1600-B6837", "trade_id": "bcb1469d-da01-464c-47d5-9ded7807f155", "yes_price": 50, "yes_price_dollars": "0.5000"}
{"count": 5, "count_fp": "5.00", "created_time": "2026-02-19T20:35:59.148023Z", "no_price": 52, "no_price_dollars": "0.5200", "price": 0.48, "taker_side": "yes", "ticker": "KXINX-26FEB19H1600-B6837", "trade_id": "51c3f103-0084-4fbc-784c-4235c462db3c", "yes_price": 48, "yes_price_dollars": "0.4800"}
{"count": 5, "count_fp": "5.00", "created_time": "2026-02-19T20:35:36.157618Z", "no_price": 57, "no_price_dollars": "0.5700", "price": 0.43, "taker_side": "yes", "ticker": "KXINX-26FEB19H1600-B6837", "trade_id": "74fd1665-9ec6-45f6-79d7-8a2f4884ddf3", "yes_price": 43, "yes_price_dollars": "0.4300"}
{"count": 5, "count_fp": "5.00", "created_time": "2026-02-19T20:34:23.063239Z", "no_price": 55, "no_price_dollars": "0.5500", "price": 0.45, "taker_side": "yes", "ticker": "KXINX-26FEB19H1600-B6837", "trade_id": "b4c7298c-970d-43c9-6256-91d97a6ed02c", "yes_price": 45, "yes_price_dollars": "0.4500"}
{"count": 1, "count_fp": "1.00", "created_time": "2026-02-19T20:33:56.335738Z", "no_price": 55, "no_price_dollars": "0.5500", "price": 0.45, "taker_side": "yes", "ticker": "KXINX-26FEB19H1600-B6837", "trade_id": "c39743bc-8556-61f1-5cf7-bac288ecacc2", "yes_price": 45, "yes_price_dollars": "0.4500"}
{"count": 5, "count_fp": "5.00", "created_time": "2026-02-19T20:33:56.335738Z", "no_price": 57, "no_price_dollars": "0.5700", "price": 0.43, "taker_side": "yes", "ticker": "KXINX-26FEB19H1600-B6837", "trade_id": "95f8b591-a753-6183-6085-0f626493c5c7", "yes_price": 43, "yes_price_dollars": "0.4300"}
{"count": 5, "count_fp": "5.00", "created_time": "2026-02-19T20:33:45.166976Z", "no_price": 56, "no_price_dollars": "0.5600", "price": 0.44, "taker_side": "yes", "ticker": "KXINX-26FEB19H1600-B6837", "trade_id": "ca206d50-b212-6e9d-1899-d997a861bfce", "yes_price": 44, "yes_price_dollars": "0.4400"}
{"count": 5, "count_fp": "5.00", "created_time": "2026-02-19T20:33:45.166976Z", "no_price": 59, "no_price_dollars": "0.5900", "price": 0.41, "taker_side": "yes", "ticker": "KXINX-26FEB19H1600-B6837", "trade_id": "2f799b1e-c8a7-6e7f-04de-69bd48e95feb", "yes_price": 41, "yes_price_dollars": "0.4100"}
{"count": 2, "count_fp": "2.00", "created_time": "2026-02-19T20:33:10.578608Z", "no_price": 56, "no_price_dollars": "0.5600", "price": 0.44, "taker_side": "yes", "ticker": "KXINX-26FEB19H1600-B6837", "trade_id": "9393ceb7-024e-70b9-1777-5982d352c9f6", "yes_price": 44, "yes_price_dollars": "0.4400"}
{"count": 6678, "count_fp": "6678.00", "created_time": "2026-02-19T20:32:54.519226Z", "no_price": 58, "no_price_dollars": "0.5800", "price": 0.42, "taker_side": "no", "ticker": "KXINX-26FEB19H1600-B6837", "trade_id": "73e5aee9-9dda-514b-08a3-1be916b9c671", "yes_price": 42, "yes_price_dollars": "0.4200"}
