{"count": 462, "count_fp": "462.00", "created_time": "2026-02-09T16:52:56.124681Z", "no_price": 88, "no_price_dollars": "0.8800", "price": 0.12, "taker_side": "yes", "ticker": "KXINX-26FEB13H1600-B7062", "trade_id": "be7f9c97-5f16-6613-0572-278833c4678f", "yes_price": 12, "yes_price_dollars": "0.1200"}
{"count": 2, "count_fp": "2.00", "created_time": "2026-02-09T16:01:16.933343Z", "no_price": 89, "no_price_dollars": "0.8900", "price": 0.11, "taker_side": "yes", "ticker": "KXINX-26FEB13H1600-B7062", "trade_id": "6c2f915e-b624-682a-0ab5-a74ae9a77bc9", "yes_price": 11, "yes_price_dollars": "0.1100"}
{"count": 32, "count_fp": "32.00", "created_time": "2026-02-09T23:16:50.641673Z", "no_price": 85, "no_price_dollars": "0.8500", "price": 0.15, "taker_side": "yes", "ticker": "KXINX-26FEB13H1600-B7037", "trade_id": "34a623b6-7533-51ca-227d-456558ba016b", "yes_price": 15, "yes_price_dollars": "0.1500"}
{"count": 161, "count_fp": "161.00", "created_time": "2026-02-09T21:16:10.159201Z", "no_price": 85, "no_price_dollars": "0.8500", "price": 0.15, "taker_side": "yes", "ticker": "KXINX-26FEB13H1600-B7037", "trade_id": "b2ac5df7-cd03-5b02-4599-e1c9ff12ff5f", "yes_price": 15, "yes_price_dollars": "0.1500"}
{"count": 2, "count_fp": "2.00", "created_time": "2026-02-09T17:14:21.330617Z", "no_price": 87, "no_price_dollars": "0.8700", "price": 0.13, "taker_side": "yes", "ticker": "KXINX-26FEB13H1600-B7037", "trade_id": "2680e4b6-9eb0-5e14-97ed-2b521cd19170", "yes_price": 13, "yes_price_dollars": "0.1300"}
{"count": 1, "count_fp": "1.00", "created_time": "2026-02-09T15:37:35.989111Z", "no_price": 88, "no_price_dollars": "0.8800", "price": 0.12, "taker_side": "yes", "ticker": "KXINX-26FEB13H1600-B7037", "trade_id": "d9c297ae-9082-4da1-6587-35371ca7fb3b", "yes_price": 12, "yes_price_dollars": "0.1200"}
{"count": 29, "count_fp": "29.00", "created_time": "2026-02-09T21:18:02.806524Z", "no_price": 85, "no_price_dollars": "0.8500", "price": 0.15, "taker_side": "yes", "ticker": "KXINX-26FEB13H1600-B7012", "trade_id": "2f0e99d4-636e-4c9b-a783-69b215ba1e36", "yes_price": 15, "yes_price_dollars": "0.1500"}
{"count": 12, "count_fp": "12.00", "created_time": "2026-02-09T20:56:11.475437Z", "no_price": 89, "no_price_dollars": "0.8900", "price": 0.11, "taker_side": "no", "ticker": "KXINX-26FEB13H1600-B7012", "trade_id": "dab43103-dd7a-64e0-f7e6-c47a0e675f91", "yes_price": 11, "yes_price_dollars": "0.1100"}
{"count": 12, "count_fp": "12.00", "created_time": "2026-02-09T19:15:01.395792Z", "no_price": 84, "no_price_dollars": "0.8400", "price": 0.16, "taker_side": "yes", "ticker": "KXINX-26FEB13H1600-B7012", "trade_id": "4ba24856-5461-76ff-c4ba-0672f8b1d1e1", "yes_price": 16, "yes_price_dollars": "0.1600"}
{"count": 462, "count_fp": "462.00", "created_time": "2026-02-09T15:38:46.270081Z", "no_price": 89, "no_price_dollars": "0.8900", "price": 0.11, "taker_side": "yes", "ticker": "KXINX-26FEB13H1600-B7012", "trade_id": "7200caa5-2ae1-5438-6e53-944f16a186c0", "yes_price": 11, "yes_price_dollars": "0.1100"}
{"count": 2, "count_fp": "2.00", "created_time": "2026-02-09T15:00:54.253423Z", "no_price": 90, "no_price_dollars": "0.9000", "price": 0.1, "taker_side": "yes", "ticker": "KXINX-26FEB13H1600-B7012", "trade_id": "a817a687-8f8a-5be1-42d8-b8068fc0b1fc", "yes_price": 10, "yes_price_dollars": "0.1000"}
{"count": 80, "count_fp": "80.00", "created_time": "2026-02-09T23:26:35.681904Z", "no_price": 88, "no_price_dollars": "0.8800", "price": 0.12, "taker_side": "yes", "ticker": "KXINX-26FEB13H1600-B6987", "trade_id": "03638ed3-bb50-626a-66e0-3310726d619a", "yes_price": 12, "yes_price_dollars": "0.1200"}
{"count": 2, "count_fp": "2.00", "created_time": "2026-02-09T21:31:22.210634Z", "no_price": 89, "no_price_dollars": "0.8900", "price": 0.11, "taker_side": "yes", "ticker": "KXINX-26FEB13H1600-B6987", "trade_id": "c45960b8-1949-5121-14c1-1ee439fe6460", "yes_price": 11, "yes_price_dollars": "0.1100"}
{"count": 5, "count_fp": "5.00", "created_time": "2026-02-09T21:31:22.210634Z", "no_price": 88, "no_price_dollars": "0.8800", "price": 0.12, "taker_side": "yes", "ticker": "KXINX-26FEB13H1600-B6987", "trade_id": "0c392972-2eec-562a-0951-c186f748a19a", "yes_price": 12, "yes_price_dollars": "0.1200"}
{"count": 64, "count_fp": "64.00", "created_time": "2026-02-09T23:26:01.791531Z", "no_price": 85, "no_price_dollars": "0.8500", "price": 0.15, "taker_side": "yes", "ticker": "KXINX-26FEB13H1600-B6962", "trade_id": "7095ed5d-8cbb-5108-ef2f-189a82350aa7", "yes_price": 15, "yes_price_dollars": "0.1500"}
{"count": 38, "count_fp": "38.00", "created_time": "2026-02-09T21:18:24.132502Z", "no_price": 89, "no_price_dollars": "0.8900", "price": 0.11, "taker_side": "yes", "ticker": "KXINX-26FEB13H1600-B6962", "trade_id": "4dd9ce03-e9d7-5820-eb3d-b6453da73ec5", "yes_price": 11, "yes_price_dollars": "0.1100"}
{"count": 1, "count_fp": "1.00", "created_time": "2026-02-09T23:27:00.643515Z", "no_price": 88, "no_price_dollars": "0.8800", "price": 0.12, "taker_side": "yes", "ticker": "KXINX-26FEB13H1600-B6937", "trade_id": "ca591532-1be7-7c34-5eb8-a022af060923", "yes_price": 12, "yes_price_dollars": "0.1200"}
{"count": 54, "count_fp": "54.00", "created_time": "2026-02-09T23:27:00.643515Z", "no_price": 83, "no_price_dollars": "0.8300", "price": 0.17, "taker_side": "yes", "ticker": "KXINX-26FEB13H1600-B6937", "trade_id": "bbb66514-ec79-7c87-610a-6e132a791fda", "yes_price": 17, "yes_price_dollars": "0.1700"}
{"count": 2, "count_fp": "2.00", "created_time": "2026-02-09T23:27:00.643515Z", "no_price": 87, "no_price_dollars": "0.8700", "price": 0.13, "taker_side": "yes", "ticker": "KXINX-26FEB13H1600-B6937", "trade_id": "33cd60f5-0968-7dbd-544e-38c4aa277eba", "yes_price": 13, "yes_price_dollars": "0.1300"}
{"count": 1, "count_fp": "1.00", "created_time": "2026-02-09T21:21:32.256668Z", "no_price": 90, "no_price_dollars": "0.9000", "price": 0.1, "taker_side": "yes", "ticker": "KXINX-26FEB13H1600-B6937", "trade_id": "c7919bee-9b39-60ff-a7ed-bc20dbf003fb", "yes_price": 10, "yes_price_dollars": "0.1000"}
{"count": 48, "count_fp": "48.00", "created_time": "2026-02-09T03:34:11.594633Z", "no_price": 90, "no_price_dollars": "0.9000", "price": 0.1, "taker_side": "yes", "ticker": "KXINX-26FEB09H1600-B7087", "trade_id": "40ead502-5218-6f9c-2f76-eaf49f9b4269", "yes_price": 10, "yes_price_dollars": "0.1000"}
{"count": 96, "count_fp": "96.00", "created_time": "2026-02-09T18:04:50.930616Z", "no_price": 98, "no_price_dollars": "0.9800", "price": 0.02, "taker_side": "yes", "ticker": "KXINX-26FEB09H1600-B7062", "trade_id": "9ffa34ca-7a8b-62af-fe5f-09cf60c0d8bc", "yes_price": 2, "yes_price_dollars": "0.0200"}
{"count": 20, "count_fp": "20.00", "created_time": "2026-02-09T16:28:27.749284Z", "no_price": 98, "no_price_dollars": "0.9800", "price": 0.02, "taker_side": "yes", "ticker": "KXINX-26FEB09H1600-B7062", "trade_id": "e72c6a59-8633-6cc1-ce81-b8a005abb948", "yes_price": 2, "yes_price_dollars": "0.0200"}
{"count": 28, "count_fp": "28.00", "created_time": "2026-02-09T16:28:27.749284Z", "no_price": 98, "no_price_dollars": "0.9800", "price": 0.02, "taker_side": "yes", "ticker": "KXINX-26FEB09H1600-B7062", "trade_id": "8134314e-d4c3-60bb-d8d2-4d580d160358", "yes_price": 2, "yes_price_dollars": "0.0200"}
{"count": 95, "count_fp": "95.00", "created_time": "2026-02-09T14:22:07.849071Z", "no_price": 98, "no_price_dollars": "0.9800", "price": 0.02, "taker_side": "yes", "ticker": "KXINX-26FEB09H1600-B7062", "trade_id": "18d876b7-e07f-5d92-6615-2a2d296a934e", "yes_price": 2, "yes_price_dollars": "0.0200"}
{"count": 9, "count_fp": "9.00", "created_time": "2026-02-09T04:04:02.845196Z", "no_price": 90, "no_price_dollars": "0.9000", "price": 0.1, "taker_side": "yes", "ticker": "KXINX-26FEB09H1600-B7062", "trade_id": "681faa72-c115-4116-f1d9-b6be27173edf", "yes_price": 10, "yes_price_dollars": "0.1000"}
{"count": 48, "count_fp": "48.00", "created_time": "2026-02-09T03:33:51.116265Z", "no_price": 90, "no_price_dollars": "0.9000", "price": 0.1, "taker_side": "yes", "ticker": "KXINX-26FEB09H1600-B7062", "trade_id": "afa0ca72-5b31-4c02-7660-5d16ca013447", "yes_price": 10, "yes_price_dollars": "0.1000"}
{"count": 12, "count_fp": "12.00", "created_time": "2026-02-09T17:11:16.955098Z", "no_price": 97, "no_price_dollars": "0.9700", "price": 0.03, "taker_side": "yes", "ticker": "KXINX-26FEB09H1600-B7037", "trade_id": "584db123-3541-7536-ded8-12fc22f24f8d", "yes_price": 3, "yes_price_dollars": "0.0300"}
{"count": 20, "count_fp": "20.00", "created_time": "2026-02-09T17:11:16.955098Z", "no_price": 97, "no_price_dollars": "0.9700", "price": 0.03, "taker_side": "yes", "ticker": "KXINX-26FEB09H1600-B7037", "trade_id": "17c56e2d-3719-7be5-daab-0296a0623479", "yes_price": 3, "yes_price_dollars": "0.0300"}
{"count": 10, "count_fp": "10.00", "created_time": "2026-02-09T13:13:42.988673Z", "no_price": 96, "no_price_dollars": "0.9600", "price": 0.04, "taker_side": "yes", "ticker": "KXINX-26FEB09H1600-B7037", "trade_id": "f8150e61-8351-5e95-6837-e5b660068377", "yes_price": 4, "yes_price_dollars": "0.0400"}
{"count": 85, "count_fp": "85.00", "created_time": "2026-02-09T12:56:29.184634Z", "no_price": 91, "no_price_dollars": "0.9100", "price": 0.09, "taker_side": "yes", "ticker": "KXINX-26FEB09H1600-B7037", "trade_id": "d9320738-478b-4d95-5377-9f0dfe88c5b6", "yes_price": 9, "yes_price_dollars": "0.0900"}
{"count": 73, "count_fp": "73.00", "created_time": "2026-02-09T12:56:29.184634Z", "no_price": 84, "no_price_dollars": "0.8400", "price": 0.16, "taker_side": "yes", "ticker": "KXINX-26FEB09H1600-B7037", "trade_id": "8fb557c1-fde5-42d6-6221-1afedccb099a", "yes_price": 16, "yes_price_dollars": "0.1600"}
{"count": 96, "count_fp": "96.00", "created_time": "2026-02-09T06:15:13.630343Z", "no_price": 90, "no_price_dollars": "0.9000", "price": 0.1, "taker_side": "yes", "ticker": "KXINX-26FEB09H1600-B7037", "trade_id": "c74e880a-83a9-6353-0cd6-0dc24f95c516", "yes_price": 10, "yes_price_dollars": "0.1000"}
{"count": 9, "count_fp": "9.00", "created_time": "2026-02-09T05:43:54.688958Z", "no_price": 90, "no_price_dollars": "0.9000", "price": 0.1, "taker_side": "yes", "ticker": "KXINX-26FEB09H1600-B7037", "trade_id": "014e83ff-d4bd-6f87-1d87-5812b9d503ee", "yes_price": 10, "yes_price_dollars": "0.1000"}
{"count": 2, "count_fp": "2.00", "created_time": "2026-02-09T20:15:27.201005Z", "no_price": 98, "no_price_dollars": "0.9800", "price": 0.02, "taker_side": "no", "ticker": "KXINX-26FEB09H1600-B7012", "trade_id": "8e916c59-ca61-7c59-0b2e-9d0b40b79057", "yes_price": 2, "yes_price_dollars": "0.0200"}
{"count": 64, "count_fp": "64.00", "created_time": "2026-02-09T20:15:27.201005Z", "no_price": 98, "no_price_dollars": "0.9800", "price": 0.02, "taker_side": "no", "ticker": "KXINX-26FEB09H1600-B7012", "trade_id": "45962c12-349b-7514-00e4-f02959681673", "yes_price": 2, "yes_price_dollars": "0.0200"}
{"count": 24, "count_fp": "24.00", "created_time": "2026-02-09T20:14:11.248608Z", "no_price": 96, "no_price_dollars": "0.9600", "price": 0.04, "taker_side": "yes", "ticker": "KXINX-26FEB09H1600-B7012", "trade_id": "0e63073e-3f72-73c6-a74e-6f022ea536a1", "yes_price": 4, "yes_price_dollars": "0.0400"}
{"count": 19, "count_fp": "19.00", "created_time": "2026-02-09T20:13:59.43616Z", "no_price": 96, "no_price_dollars": "0.9600", "price": 0.04, "taker_side": "yes", "ticker": "KXINX-26FEB09H1600-B7012", "trade_id": "45bbe58d-f792-425a-79aa-c892c22e56ed", "yes_price": 4, "yes_price_dollars": "0.0400"}
{"count": 193, "count_fp": "193.00", "created_time": "2026-02-09T20:07:26.34645Z", "no_price": 95, "no_price_dollars": "0.9500", "price": 0.05, "taker_side": "yes", "ticker": "KXINX-26FEB09H1600-B7012", "trade_id": "d6514fcf-b452-4a36-f0a5-b4acb28c592d", "yes_price": 5, "yes_price_dollars": "0.0500"}
{"count": 96, "count_fp": "96.00", "created_time": "2026-02-09T20:04:41.255776Z", "no_price": 95, "no_price_dollars": "0.9500", "price": 0.05, "taker_side": "yes", "ticker": "KXINX-26FEB09H1600-B7012", "trade_id": "3b347a66-6d66-504a-5181-f9d4f2a78c81", "yes_price": 5, "yes_price_dollars": "0.0500"}
{"count": 33, "count_fp": "33.00", "created_time": "2026-02-09T20:01:58.848291Z", "no_price": 96, "no_price_dollars": "0.9600", "price": 0.04, "taker_side": "yes", "ticker": "KXINX-26FEB09H1600-B7012", "trade_id": "ff5925b3-0af7-4c9f-68bb-2b7b46820bc6", "yes_price": 4, "yes_price_dollars": "0.0400"}
{"count": 87, "count_fp": "87.00", "created_time": "2026-02-09T20:01:58.848291Z", "no_price": 96, "no_price_dollars": "0.9600", "price": 0.04, "taker_side": "yes", "ticker": "KXINX-26FEB09H1600-B7012", "trade_id": "93648d90-bc7a-4762-78ae-7b4fde6fe651", "yes_price": 4, "yes_price_dollars": "0.0400"}
{"count": 73, "count_fp": "73.00", "created_time": "2026-02-09T19:56:27.547464Z", "no_price": 95, "no_price_dollars": "0.9500", "price": 0.05, "taker_side": "yes", "ticker": "KXINX-26FEB09H1600-B7012", "trade_id": "5f63d164-2a1e-5e02-9fa8-20350ca036ad", "yes_price": 5, "yes_price_dollars": "0.0500"}
{"count": 16, "count_fp": "16.00", "created_time": "2026-02-09T19:41:22.549871Z", "no_price": 98, "no_price_dollars": "0.9800", "price": 0.02, "taker_side": "no", "ticker": "KXINX-26FEB09H1600-B7012", "trade_id": "447f214a-2a13-6518-27b6-9007e5cb864b", "yes_price": 2, "yes_price_dollars": "0.0200"}
{"count": 16, "count_fp": "16.00", "created_time": "2026-02-09T19:37:37.379109Z", "no_price": 94, "no_price_dollars": "0.9400", "price": 0.06, "taker_side": "yes", "ticker": "KXINX-26FEB09H1600-B7012", "trade_id": "e0d52a05-e642-4d4a-a9e2-db405fcd8a55", "yes_price": 6, "yes_price_dollars": "0.0600"}
{"count": 43, "count_fp": "43.00", "created_time": "2026-02-09T19:37:02.4544Z", "no_price": 94, "no_price_dollars": "0.9400", "price": 0.06, "taker_side": "yes", "ticker": "KXINX-26FEB09H1600-B7012", "trade_id": "ad54a4bd-8292-4796-b9ca-78a642d1a3dd", "yes_price": 6, "yes_price_dollars": "0.0600"}
{"count": 5, "count_fp": "5.00", "created_time": "2026-02-09T19:31:44.358602Z", "no_price": 95, "no_price_dollars": "0.9500", "price": 0.05, "taker_side": "no", "ticker": "KXINX-26FEB09H1600-B7012", "trade_id": "f7edbc2b-0169-5b31-dd8c-79ea9c4e08b2", "yes_price": 5, "yes_price_dollars": "0.0500"}
{"count": 467, "count_fp": "467.00", "created_time": "2026-02-09T19:24:52.877558Z", "no_price": 94, "no_price_dollars": "0.9400", "price": 0.06, "taker_side": "yes", "ticker": "KXINX-26FEB09H1600-B7012", "trade_id": "dd425e55-a058-6c16-8210-10e0c553a6f2", "yes_price": 6, "yes_price_dollars": "0.0600"}
{"count": 96, "count_fp": "96.00", "created_time": "2026-02-09T19:24:18.629533Z", "no_price": 95, "no_price_dollars": "0.9500", "price": 0.05, "taker_side": "yes", "ticker": "KXINX-26FEB09H1600-B7012", "trade_id": "70a80d4b-8ad0-5ee6-be93-7ca6e898916e", "yes_price": 5, "yes_price_dollars": "0.0500"}
{"count": 193, "count_fp": "193.00", "created_time": "2026-02-09T19:21:52.638372Z", "no_price": 95, "no_price_dollars": "0.9500", "price": 0.05, "taker_side": "yes", "ticker": "KXINX-26FEB09H1600-B7012", "trade_id": "bc7bc274-d5f8-4682-01ec-b688b4eb5476", "yes_price": 5, "yes_price_dollars": "0.0500"}
{"count": 9, "count_fp": "9.00", "created_time": "2026-02-09T19:15:53.225627Z", "no_price": 95, "no_price_dollars": "0.9500", "price": 0.05, "taker_side": "yes", "ticker": "KXINX-26FEB09H1600-B7012", "trade_id": "58f3349d-b9dc-4182-5295-a2b88c9c39b6", "yes_price": 5, "yes_price_dollars": "0.0500"}
{"count": 121, "count_fp": "121.00", "created_time": "2026-02-09T19:01:40.227733Z", "no_price": 97, "no_price_dollars": "0.9700", "price": 0.03, "taker_side": "yes", "ticker": "KXINX-26FEB09H1600-B7012", "trade_id": "b4d5c429-0127-41bf-89ed-453b1f497561", "yes_price": 3, "yes_price_dollars": "0.0300"}
{"count": 100, "count_fp": "100.00", "created_time": "2026-02-09T19:01:00.902596Z", "no_price": 96, "no_price_dollars": "0.9600", "price": 0.04, "taker_side": "yes", "ticker": "KXINX-26FEB09H1600-B7012", "trade_id": "2c5fd48c-6856-5f6f-b14f-47356f8250a6", "yes_price": 4, "yes_price_dollars": "0.0400"}
{"count": 160, "count_fp": "160.00", "created_time": "2026-02-09T18:36:50.96433Z", "no_price": 95, "no_price_dollars": "0.9500", "price": 0.05, "taker_side": "yes", "ticker": "KXINX-26FEB09H1600-B7012", "trade_id": "ce969162-4f34-4206-4000-1b41b87fd5da", "yes_price": 5, "yes_price_dollars": "0.0500"}
{"count": 26, "count_fp": "26.00", "created_time": "2026-02-09T18:24:13.849452Z", "no_price": 99, "no_price_dollars": "0.9900", "price": 0.01, "taker_side": "no", "ticker": "KXINX-26FEB09H1600-B7012", "trade_id": "58c46e4e-5e13-5f7a-12cd-72b8c2c526d3", "yes_price": 1, "yes_price_dollars": "0.0100"}
{"count": 24, "count_fp": "24.00", "created_time": "2026-02-09T18:21:19.281848Z", "no_price": 96, "no_price_dollars": "0.9600", "price": 0.04, "taker_side": "yes", "ticker": "KXINX-26FEB09H1600-B7012", "trade_id": "e386d416-ef8c-401e-8d98-5da45c4fa4ea", "yes_price": 4, "yes_price_dollars": "0.0400"}
{"count": 96, "count_fp": "96.00", "created_time": "2026-02-09T18:13:00.084795Z", "no_price": 95, "no_price_dollars": "0.9500", "price": 0.05, "taker_side": "yes", "ticker": "KXINX-26FEB09H1600-B7012", "trade_id": "63ab0f94-1748-5dba-8bac-594fd2d020ea", "yes_price": 5, "yes_price_dollars": "0.0500"}
{"count": 1, "count_fp": "1.00", "created_time": "2026-02-09T18:05:31.566753Z", "no_price": 94, "no_price_dollars": "0.9400", "price": 0.06, "taker_side": "yes", "ticker": "KXINX-26FEB09H1600-B7012", "trade_id": "ace85483-0b8d-5a29-b49b-9ad0f9844931", "yes_price": 6, "yes_price_dollars": "0.0600"}
{"count": 50, "count_fp": "50.00", "created_time": "2026-02-09T18:00:02.193173Z", "no_price": 97, "no_price_dollars": "0.9700", "price": 0.03, "taker_side": "no", "ticker": "KXINX-26FEB09H1600-B7012", "trade_id": "d9d7d475-d839-63c0-b0f7-9fa66fa702e7", "yes_price": 3, "yes_price_dollars": "0.0300"}
{"count": 71, "count_fp": "71.00", "created_time": "2026-02-09T18:00:02.193173Z", "no_price": 99, "no_price_dollars": "0.9900", "price": 0.01, "taker_side": "no", "ticker": "KXINX-26FEB09H1600-B7012", "trade_id": "31261fa9-472b-673f-a1f3-0bc20eeb91f1", "yes_price": 1, "yes_price_dollars": "0.0100"}
{"count": 40, "count_fp": "40.00", "created_time": "2026-02-09T18:00:02.193173Z", "no_price": 95, "no_price_dollars": "0.9500", "price": 0.05, "taker_side": "no", "ticker": "KXINX-26FEB09H1600-B7012", "trade_id": "12fa4325-b127-6473-9b5a-60db1f271443", "yes_price": 5, "yes_price_dollars": "0.0500"}
{"count": 50, "count_fp": "50.00", "created_time": "2026-02-09T17:55:44.434369Z", "no_price": 95, "no_price_dollars": "0.9500", "price": 0.05, "taker_side": "no", "ticker": "KXINX-26FEB09H1600-B7012", "trade_id": "6bcfaa28-c2e7-427f-47ac-fc044339b413", "yes_price": 5, "yes_price_dollars": "0.0500"}
{"count": 161, "count_fp": "161.00", "created_time": "2026-02-09T17:47:11.347936Z", "no_price": 94, "no_price_dollars": "0.9400", "price": 0.06, "taker_side": "yes", "ticker": "KXINX-26FEB09H1600-B7012", "trade_id": "50784d34-b341-70c9-63db-cd31e12a14b1", "yes_price": 6, "yes_price_dollars": "0.0600"}
{"count": 10, "count_fp": "10.00", "created_time": "2026-02-09T17:44:36.963641Z", "no_price": 95, "no_price_dollars": "0.9500", "price": 0.05, "taker_side": "no", "ticker": "KXINX-26FEB09H1600-B7012", "trade_id": "369a3db9-585f-74d7-b5d9-7005484708f3", "yes_price": 5, "yes_price_dollars": "0.0500"}
{"count": 60, "count_fp": "60.00", "created_time": "2026-02-09T17:37:54.403021Z", "no_price": 84, "no_price_dollars": "0.8400", "price": 0.16, "taker_side": "yes", "ticker": "KXINX-26FEB09H1600-B7012", "trade_id": "e2b48e4d-ce7c-53af-aaf4-7bfeeb700b87", "yes_price": 16, "yes_price_dollars": "0.1600"}
{"count": 96, "count_fp": "96.00", "created_time": "2026-02-09T17:10:50.761533Z", "no_price": 90, "no_price_dollars": "0.9000", "price": 0.1, "taker_side": "yes", "ticker": "KXINX-26FEB09H1600-B7012", "trade_id": "1d0a03dd-37d5-4ad1-fcad-c03d80d2fe96", "yes_price": 10, "yes_price_dollars": "0.1000"}
{"count": 9, "count_fp": "9.00", "created_time": "2026-02-09T17:10:24.223351Z", "no_price": 90, "no_price_dollars": "0.9000", "price": 0.1, "taker_side": "yes", "ticker": "KXINX-26FEB09H1600-B7012", "trade_id": "4f077d82-c4b1-5fed-3e09-b749518d3422", "yes_price": 10, "yes_price_dollars": "0.1000"}
{"count": 29, "count_fp": "29.00", "created_time": "2026-02-09T17:06:35.85625Z", "no_price": 90, "no_price_dollars": "0.9000", "price": 0.1, "taker_side": "yes", "ticker": "KXINX-26FEB09H1600-B7012", "trade_id": "5ea1a0d6-1021-6c11-a2c6-b04650633dae", "yes_price": 10, "yes_price_dollars": "0.1000"}
{"count": 500, "count_fp": "500.00", "created_time": "2026-02-09T17:03:43.859983Z", "no_price": 88, "no_price_dollars": "0.8800", "price": 0.12, "taker_side": "yes", "ticker": "KXINX-26FEB09H1600-B7012", "trade_id": "cb513c0a-c571-6af1-8b6e-14d19510841a", "yes_price": 12, "yes_price_dollars": "0.1200"}
{"count": 150, "count_fp": "150.00", "created_time": "2026-02-09T17:01:07.388745Z", "no_price": 89, "no_price_dollars": "0.8900", "price": 0.11, "taker_side": "yes", "ticker": "KXINX-26FEB09H1600-B7012", "trade_id": "6b5cd462-257d-7969-ea2a-cc19b6fc9612", "yes_price": 11, "yes_price_dollars": "0.1100"}
{"count": 132, "count_fp": "132.00", "created_time": "2026-02-09T16:56:17.952872Z", "no_price": 89, "no_price_dollars": "0.8900", "price": 0.11, "taker_side": "yes", "ticker": "KXINX-26FEB09H1600-B7012", "trade_id": "9d33f8f8-dfa9-5441-7546-42d0b49fa9c6", "yes_price": 11, "yes_price_dollars": "0.1100"}
{"count": 26, "count_fp": "26.00", "created_time": "2026-02-09T16:55:39.672361Z", "no_price": 89, "no_price_dollars": "0.8900", "price": 0.11, "taker_side": "yes", "ticker": "KXINX-26FEB09H1600-B7012", "trade_id": "8b9646a9-f91d-47b5-b497-a0b0ca94ee5e", "yes_price": 11, "yes_price_dollars": "0.1100"}
{"count": 44, "count_fp": "44.00", "created_time": "2026-02-09T16:55:17.827722Z", "no_price": 89, "no_price_dollars": "0.8900", "price": 0.11, "taker_side": "yes", "ticker": "KXINX-26FEB09H1600-B7012", "trade_id": "053078f3-5a75-6cf5-bb90-646af75853b2", "yes_price": 11, "yes_price_dollars": "0.1100"}
{"count": 107, "count_fp": "107.00", "created_time": "2026-02-09T16:49:46.97182Z", "no_price": 91, "no_price_dollars": "0.9100", "price": 0.09, "taker_side": "yes", "ticker": "KXINX-26FEB09H1600-B7012", "trade_id": "7361743e-0d6d-7399-ff9d-fb5865e49202", "yes_price": 9, "yes_price_dollars": "0.0900"}
{"count": 200, "count_fp": "200.00", "created_time": "2026-02-09T16:38:05.626896Z", "no_price": 94, "no_price_dollars": "0.9400", "price": 0.06, "taker_side": "yes", "ticker": "KXINX-26FEB09H1600-B7012", "trade_id": "0e4de416-22a9-5651-e26f-ca431b242c2e", "yes_price": 6, "yes_price_dollars": "0.0600"}
{"count": 92, "count_fp": "92.00", "created_time": "2026-02-09T16:19:30.031062Z", "no_price": 93, "no_price_dollars": "0.9300", "price": 0.07, "taker_side": "yes", "ticker": "KXINX-26FEB09H1600-B7012", "trade_id": "cdcba0dd-da15-7f45-cc17-bc4594437c86", "yes_price": 7, "yes_price_dollars": "0.0700"}
{"count": 27, "count_fp": "27.00", "created_time": "2026-02-09T16:19:05.143744Z", "no_price": 93, "no_price_dollars": "0.9300", "price": 0.07, "taker_side": "yes", "ticker": "KXINX-26FEB09H1600-B7012", "trade_id": "9ba17504-9ff1-6125-c5a6-a61aa62ce7da", "yes_price": 7, "yes_price_dollars": "0.0700"}
{"count": 8, "count_fp": "8.00", "created_time": "2026-02-09T16:16:26.281445Z", "no_price": 94, "no_price_dollars": "0.9400", "price": 0.06, "taker_side": "no", "ticker": "KXINX-26FEB09H1600-B7012", "trade_id": "345506d9-eb49-6a46-6922-0da6d3238ece", "yes_price": 6, "yes_price_dollars": "0.0600"}
{"count": 28, "count_fp": "28.00", "created_time": "2026-02-09T16:10:41.353017Z", "no_price": 94, "no_price_dollars": "0.9400", "price": 0.06, "taker_side": "yes", "ticker": "KXINX-26FEB09H1600-B7012", "trade_id": "6d6914fa-a764-6270-75f1-2bebe96247b3", "yes_price": 6, "yes_price_dollars": "0.0600"}
{"count": 3, "count_fp": "3.00", "created_time": "2026-02-09T16:10:41.353017Z", "no_price": 94, "no_price_dollars": "0.9400", "price": 0.06, "taker_side": "yes", "ticker": "KXINX-26FEB09H1600-B7012", "trade_id": "3a76d0aa-2f78-63e1-6995-d4eb262fdf53", "yes_price": 6, "yes_price_dollars": "0.0600"}
{"count": 1, "count_fp": "1.00", "created_time": "2026-02-09T16:00:46.814853Z", "no_price": 97, "no_price_dollars": "0.9700", "price": 0.03, "taker_side": "no", "ticker": "KXINX-26FEB09H1600-B7012", "trade_id": "af61ec09-f90a-6122-2e26-ac9fb6e330ba", "yes_price": 3, "yes_price_dollars": "0.0300"}
{"count": 1, "count_fp": "1.00", "created_time": "2026-02-09T15:40:32.427665Z", "no_price": 94, "no_price_dollars": "0.9400", "price": 0.06, "taker_side": "yes", "ticker": "KXINX-26FEB09H1600-B7012", "trade_id": "eda8028d-6c0c-5fb1-6df6-cf398d0ed12f", "yes_price": 6, "yes_price_dollars": "0.0600"}
{"count": 140, "count_fp": "140.00", "created_time": "2026-02-09T15:37:10.260609Z", "no_price": 98, "no_price_dollars": "0.9800", "price": 0.02, "taker_side": "no", "ticker": "KXINX-26FEB09H1600-B7012", "trade_id": "a8c2d752-df7e-64f7-23f7-d0c3ffa6b91e", "yes_price": 2, "yes_price_dollars": "0.0200"}
{"count": 50, "count_fp": "50.00", "created_time": "2026-02-09T15:15:02.524638Z", "no_price": 96, "no_price_dollars": "0.9600", "price": 0.04, "taker_side": "yes", "ticker": "KXINX-26FEB09H1600-B7012", "trade_id": "f8b6bdee-67b5-44d9-c7f6-8b3adf8100ae", "yes_price": 4, "yes_price_dollars": "0.0400"}
{"count": 32, "count_fp": "32.00", "created_time": "2026-02-09T15:15:02.524638Z", "no_price": 97, "no_price_dollars": "0.9700", "price": 0.03, "taker_side": "yes", "ticker": "KXINX-26FEB09H1600-B7012", "trade_id": "f6b6d9af-bdbc-4c77-d18e-45a12c17b984", "yes_price": 3, "yes_price_dollars": "0.0300"}
{"count": 18, "count_fp": "18.00", "created_time": "2026-02-09T15:15:02.524638Z", "no_price": 97, "no_price_dollars": "0.9700", "price": 0.03, "taker_side": "yes", "ticker": "KXINX-26FEB09H1600-B7012", "trade_id": "a4c69f8e-6f4e-43e6-fb0b-8ba8e1070a99", "yes_price": 3, "yes_price_dollars": "0.0300"}
{"count": 142, "count_fp": "142.00", "created_time": "2026-02-09T15:15:02.524638Z", "no_price": 95, "no_price_dollars": "0.9500", "price": 0.05, "taker_side": "yes", "ticker": "KXINX-26FEB09H1600-B7012", "trade_id": "40b34679-cb85-4ef5-e156-49bc1ccf3b66", "yes_price": 5, "yes_price_dollars": "0.0500"}
{"count": 38, "count_fp": "38.00", "created_time": "2026-02-09T14:18:11.32549Z", "no_price": 95, "no_price_dollars": "0.9500", "price": 0.05, "taker_side": "yes", "ticker": "KXINX-26FEB09H1600-B7012", "trade_id": "8b2f0dc8-d901-6ce5-d921-5bef4692b862", "yes_price": 5, "yes_price_dollars": "0.0500"}
{"count": 16, "count_fp": "16.00", "created_time": "2026-02-09T13:48:30.148808Z", "no_price": 94, "no_price_dollars": "0.9400", "price": 0.06, "taker_side": "yes", "ticker": "KXINX-26FEB09H1600-B7012", "trade_id": "f414ac92-6b9c-64cd-0c8b-14e633bf0083", "yes_price": 6, "yes_price_dollars": "0.0600"}
{"count": 40, "count_fp": "40.00", "created_time": "2026-02-09T12:16:41.836258Z", "no_price": 84, "no_price_dollars": "0.8400", "price": 0.16, "taker_side": "yes", "ticker": "KXINX-26FEB09H1600-B7012", "trade_id": "b98fcadf-f8a0-617f-b0c2-129e8f9aed3f", "yes_price": 16, "yes_price_dollars": "0.1600"}
{"count": 315, "count_fp": "315.00", "created_time": "2026-02-09T12:16:41.836258Z", "no_price": 90, "no_price_dollars": "0.9000", "price": 0.1, "taker_side": "yes", "ticker": "KXINX-26FEB09H1600-B7012", "trade_id": "87a610cd-b37a-6a6b-aee7-be54b821269d", "yes_price": 10, "yes_price_dollars": "0.1000"}
{"count": 95, "count_fp": "95.00", "created_time": "2026-02-09T12:16:41.836258Z", "no_price": 89, "no_price_dollars": "0.8900", "price": 0.11, "taker_side": "yes", "ticker": "KXINX-26FEB09H1600-B7012", "trade_id": "5b65be37-3318-642b-afe3-4ea75df527b4", "yes_price": 11, "yes_price_dollars": "0.1100"}
{"count": 16, "count_fp": "16.00", "created_time": "2026-02-09T05:43:29.277465Z", "no_price": 88, "no_price_dollars": "0.8800", "price": 0.12, "taker_side": "yes", "ticker": "KXINX-26FEB09H1600-B7012", "trade_id": "b4edeef0-901a-787b-d701-d109ac492b4d", "yes_price": 12, "yes_price_dollars": "0.1200"}
{"count": 69, "count_fp": "69.00", "created_time": "2026-02-09T02:17:34.453723Z", "no_price": 86, "no_price_dollars": "0.8600", "price": 0.14, "taker_side": "yes", "ticker": "KXINX-26FEB09H1600-B7012", "trade_id": "0335aa2f-6fba-6867-06fa-85886e3ec559", "yes_price": 14, "yes_price_dollars": "0.1400"}
{"count": 19, "count_fp": "19.00", "created_time": "2026-02-09T00:27:43.861839Z", "no_price": 87, "no_price_dollars": "0.8700", "price": 0.13, "taker_side": "yes", "ticker": "KXINX-26FEB09H1600-B7012", "trade_id": "8db6910a-bd5d-54cf-8337-bec059e0523d", "yes_price": 13, "yes_price_dollars": "0.1300"}
{"count": 100, "count_fp": "100.00", "created_time": "2026-02-09T20:53:45.901171Z", "no_price": 96, "no_price_dollars": "0.9600", "price": 0.04, "taker_side": "yes", "ticker": "KXINX-26FEB09H1600-B6987", "trade_id": "2b39d614-9c3b-60aa-93e2-48e5279e520f", "yes_price": 4, "yes_price_dollars": "0.0400"}
{"count": 12, "count_fp": "12.00", "created_time": "2026-02-09T20:53:35.946233Z", "no_price": 96, "no_price_dollars": "0.9600", "price": 0.04, "taker_side": "yes", "ticker": "KXINX-26FEB09H1600-B6987", "trade_id": "a7fc487c-5dbc-6416-3c11-edcf76a82a69", "yes_price": 4, "yes_price_dollars": "0.0400"}
{"count": 82, "count_fp": "82.00", "created_time": "2026-02-09T20:53:35.946233Z", "no_price": 95, "no_price_dollars": "0.9500", "price": 0.05, "taker_side": "yes", "ticker": "KXINX-26FEB09H1600-B6987", "trade_id": "50cb89e2-b977-635e-32af-6a41c8ae098b", "yes_price": 5, "yes_price_dollars": "0.0500"}
{"count": 6, "count_fp": "6.00", "created_time": "2026-02-09T20:53:35.946233Z", "no_price": 96, "no_price_dollars": "0.9600", "price": 0.04, "taker_side": "yes", "ticker": "KXINX-26FEB09H1600-B6987", "trade_id": "0936e63a-44c5-699e-2bca-d5b8a82ab40d", "yes_price": 4, "yes_price_dollars": "0.0400"}
{"count": 13, "count_fp": "13.00", "created_time": "2026-02-09T20:53:05.412064Z", "no_price": 92, "no_price_dollars": "0.9200", "price": 0.08, "taker_side": "yes", "ticker": "KXINX-26FEB09H1600-B6987", "trade_id": "a048ae16-51ad-4966-b8a0-dcd0b28919f2", "yes_price": 8, "yes_price_dollars": "0.0800"}
{"count": 6, "count_fp": "6.00", "created_time": "2026-02-09T20:53:05.412064Z", "no_price": 92, "no_price_dollars": "0.9200", "price": 0.08, "taker_side": "yes", "ticker": "KXINX-26FEB09H1600-B6987", "trade_id": "80b180d4-acae-46a0-b0c8-f846621ab3d5", "yes_price": 8, "yes_price_dollars": "0.0800"}
{"count": 41, "count_fp": "41.00", "created_time": "2026-02-09T20:53:05.412064Z", "no_price": 92, "no_price_dollars": "0.9200", "price": 0.08, "taker_side": "yes", "ticker": "KXINX-26FEB09H1600-B6987", "trade_id": "48a4a4a2-4bfb-4f1e-8e41-f20282197043", "yes_price": 8, "yes_price_dollars": "0.0800"}
{"count": 12, "count_fp": "12.00", "created_time": "2026-02-09T20:52:47.85851Z", "no_price": 91, "no_price_dollars": "0.9100", "price": 0.09, "taker_side": "no", "ticker": "KXINX-26FEB09H1600-B6987", "trade_id": "e0902c71-905b-7154-88fc-2978b3968f52", "yes_price": 9, "yes_price_dollars": "0.0900"}
{"count": 1, "count_fp": "1.00", "created_time": "2026-02-09T20:52:47.85851Z", "no_price": 90, "no_price_dollars": "0.9000", "price": 0.1, "taker_side": "no", "ticker": "KXINX-26FEB09H1600-B6987", "trade_id": "c480bda2-d3c3-7114-8436-828a2990917a", "yes_price": 10, "yes_price_dollars": "0.1000"}
{"count": 346, "count_fp": "346.00", "created_time": "2026-02-09T20:52:44.314603Z", "no_price": 86, "no_price_dollars": "0.8600", "price": 0.14, "taker_side": "yes", "ticker": "KXINX-26FEB09H1600-B6987", "trade_id": "3754e5d4-12bb-6a1a-8b49-f754e92a8acf", "yes_price": 14, "yes_price_dollars": "0.1400"}
{"count": 32, "count_fp": "32.00", "created_time": "2026-02-09T20:52:38.480165Z", "no_price": 88, "no_price_dollars": "0.8800", "price": 0.12, "taker_side": "yes", "ticker": "KXINX-26FEB09H1600-B6987", "trade_id": "0b31f270-2bef-752e-4663-aa8f30b5104e", "yes_price": 12, "yes_price_dollars": "0.1200"}
{"count": 3, "count_fp": "3.00", "created_time": "2026-02-09T20:52:34.238086Z", "no_price": 89, "no_price_dollars": "0.8900", "price": 0.11, "taker_side": "yes", "ticker": "KXINX-26FEB09H1600-B6987", "trade_id": "c861fc5e-2e0e-7c90-552d-192beb54af37", "yes_price": 11, "yes_price_dollars": "0.1100"}
{"count": 4, "count_fp": "4.00", "created_time": "2026-02-09T20:52:10.4348Z", "no_price": 88, "no_price_dollars": "0.8800", "price": 0.12, "taker_side": "yes", "ticker": "KXINX-26FEB09H1600-B6987", "trade_id": "8f9ec555-52d6-5882-efbd-42fe0845f855", "yes_price": 12, "yes_price_dollars": "0.1200"}
{"count": 36, "count_fp": "36.00", "created_time": "2026-02-09T20:52:10.4348Z", "no_price": 88, "no_price_dollars": "0.8800", "price": 0.12, "taker_side": "yes", "ticker": "KXINX-26FEB09H1600-B6987", "trade_id": "87004ce7-afa1-53b6-da93-4f4d2b69b1dd", "yes_price": 12, "yes_price_dollars": "0.1200"}
{"count": 69, "count_fp": "69.00", "created_time": "2026-02-09T20:51:59.527864Z", "no_price": 86, "no_price_dollars": "0.8600", "price": 0.14, "taker_side": "yes", "ticker": "KXINX-26FEB09H1600-B6987", "trade_id": "e995c2fb-d6b7-6c82-08f9-78a95974a797", "yes_price": 14, "yes_price_dollars": "0.1400"}
{"count": 5, "count_fp": "5.00", "created_time": "2026-02-09T20:49:29.82988Z", "no_price": 85, "no_price_dollars": "0.8500", "price": 0.15, "taker_side": "no", "ticker": "KXINX-26FEB09H1600-B6987", "trade_id": "46857f2c-7abf-6f5b-6eb7-b0ced096da4c", "yes_price": 15, "yes_price_dollars": "0.1500"}
{"count": 7, "count_fp": "7.00", "created_time": "2026-02-09T20:49:20.936772Z", "no_price": 85, "no_price_dollars": "0.8500", "price": 0.15, "taker_side": "no", "ticker": "KXINX-26FEB09H1600-B6987", "trade_id": "72811366-dca3-59b7-0b24-93b9dd6bd918", "yes_price": 15, "yes_price_dollars": "0.1500"}
{"count": 10, "count_fp": "10.00", "created_time": "2026-02-09T20:48:04.945099Z", "no_price": 87, "no_price_dollars": "0.8700", "price": 0.13, "taker_side": "no", "ticker": "KXINX-26FEB09H1600-B6987", "trade_id": "82739047-9656-5a1f-d92e-8a771057f037", "yes_price": 13, "yes_price_dollars": "0.1300"}
{"count": 11, "count_fp": "11.00", "created_time": "2026-02-09T20:48:04.945099Z", "no_price": 85, "no_price_dollars": "0.8500", "price": 0.15, "taker_side": "no", "ticker": "KXINX-26FEB09H1600-B6987", "trade_id": "5bfd9f22-10b3-5fac-e645-86a1608f4a0f", "yes_price": 15, "yes_price_dollars": "0.1500"}
{"count": 237, "count_fp": "237.00", "created_time": "2026-02-09T20:48:01.066772Z", "no_price": 86, "no_price_dollars": "0.8600", "price": 0.14, "taker_side": "no", "ticker": "KXINX-26FEB09H1600-B6987", "trade_id": "61f5fcbd-4f06-6037-bcb6-654c7a79894f", "yes_price": 14, "yes_price_dollars": "0.1400"}
{"count": 26, "count_fp": "26.00", "created_time": "2026-02-09T20:48:01.066772Z", "no_price": 84, "no_price_dollars": "0.8400", "price": 0.16, "taker_side": "no", "ticker": "KXINX-26FEB09H1600-B6987", "trade_id": "480ca7d8-f62a-6e48-b6e0-7c90330978dd", "yes_price": 16, "yes_price_dollars": "0.1600"}
{"count": 119, "count_fp": "119.00", "created_time": "2026-02-09T20:47:14.728075Z", "no_price": 89, "no_price_dollars": "0.8900", "price": 0.11, "taker_side": "no", "ticker": "KXINX-26FEB09H1600-B6987", "trade_id": "36cd9eea-6b86-492f-978b-9d3e828aa4cb", "yes_price": 11, "yes_price_dollars": "0.1100"}
{"count": 211, "count_fp": "211.00", "created_time": "2026-02-09T20:44:11.538836Z", "no_price": 89, "no_price_dollars": "0.8900", "price": 0.11, "taker_side": "yes", "ticker": "KXINX-26FEB09H1600-B6987", "trade_id": "457487ec-fb5b-7f3e-2460-9b981ac5dc0b", "yes_price": 11, "yes_price_dollars": "0.1100"}
{"count": 1, "count_fp": "1.00", "created_time": "2026-02-09T20:41:45.842637Z", "no_price": 91, "no_price_dollars": "0.9100", "price": 0.09, "taker_side": "yes", "ticker": "KXINX-26FEB09H1600-B6987", "trade_id": "e7cdf24f-9747-4af2-cf91-88edff90dd67", "yes_price": 9, "yes_price_dollars": "0.0900"}
{"count": 193, "count_fp": "193.00", "created_time": "2026-02-09T20:41:32.114281Z", "no_price": 91, "no_price_dollars": "0.9100", "price": 0.09, "taker_side": "yes", "ticker": "KXINX-26FEB09H1600-B6987", "trade_id": "d0cd2307-6207-518a-7728-aad0ccfdb2f3", "yes_price": 9, "yes_price_dollars": "0.0900"}
{"count": 31, "count_fp": "31.00", "created_time": "2026-02-09T20:40:40.573252Z", "no_price": 77, "no_price_dollars": "0.7700", "price": 0.23, "taker_side": "no", "ticker": "KXINX-26FEB09H1600-B6987", "trade_id": "49b2fe52-dda9-6e18-45ba-1421d1f6b7d5", "yes_price": 23, "yes_price_dollars": "0.2300"}
{"count": 30, "count_fp": "30.00", "created_time": "2026-02-09T20:40:37.942331Z", "no_price": 75, "no_price_dollars": "0.7500", "price": 0.25, "taker_side": "no", "ticker": "KXINX-26FEB09H1600-B6987", "trade_id": "83c74308-22e3-6368-6e4d-b81b265a14bb", "yes_price": 25, "yes_price_dollars": "0.2500"}
{"count": 5, "count_fp": "5.00", "created_time": "2026-02-09T20:39:56.311541Z", "no_price": 85, "no_price_dollars": "0.8500", "price": 0.15, "taker_side": "yes", "ticker": "KXINX-26FEB09H1600-B6987", "trade_id": "9b85a9c2-f1ea-735f-c26d-9af01da3cd77", "yes_price": 15, "yes_price_dollars": "0.1500"}
{"count": 35, "count_fp": "35.00", "created_time": "2026-02-09T20:39:56.311541Z", "no_price": 85, "no_price_dollars": "0.8500", "price": 0.15, "taker_side": "yes", "ticker": "KXINX-26FEB09H1600-B6987", "trade_id": "5e1db422-70b3-77e3-f90d-386fdf0fd430", "yes_price": 15, "yes_price_dollars": "0.1500"}
{"count": 10, "count_fp": "10.00", "created_time": "2026-02-09T20:39:49.310136Z", "no_price": 85, "no_price_dollars": "0.8500", "price": 0.15, "taker_side": "yes", "ticker": "KXINX-26FEB09H1600-B6987", "trade_id": "4bd8d696-7472-52cf-59bc-abb39cf685a3", "yes_price": 15, "yes_price_dollars": "0.1500"}
{"count": 16, "count_fp": "16.00", "created_time": "2026-02-09T20:39:40.764747Z", "no_price": 88, "no_price_dollars": "0.8800", "price": 0.12, "taker_side": "yes", "ticker": "KXINX-26FEB09H1600-B6987", "trade_id": "336a28c8-47ea-7695-ed2b-ca69ae67972a", "yes_price": 12, "yes_price_dollars": "0.1200"}
{"count": 34, "count_fp": "34.00", "created_time": "2026-02-09T20:38:40.91019Z", "no_price": 92, "no_price_dollars": "0.9200", "price": 0.08, "taker_side": "no", "ticker": "KXINX-26FEB09H1600-B6987", "trade_id": "a7a2b7b1-48db-42a7-5d11-e7b834d378bf", "yes_price": 8, "yes_price_dollars": "0.0800"}
{"count": 31, "count_fp": "31.00", "created_time": "2026-02-09T20:38:40.91019Z", "no_price": 92, "no_price_dollars": "0.9200", "price": 0.08, "taker_side": "no", "ticker": "KXINX-26FEB09H1600-B6987", "trade_id": "88f2abf5-dca4-44e9-6dc2-e81dbe03edeb", "yes_price": 8, "yes_price_dollars": "0.0800"}
{"count": 10, "count_fp": "10.00", "created_time": "2026-02-09T20:38:03.326912Z", "no_price": 90, "no_price_dollars": "0.9000", "price": 0.1, "taker_side": "yes", "ticker": "KXINX-26FEB09H1600-B6987", "trade_id": "f205f37b-f3dd-7a47-4ea9-e474d3af4858", "yes_price": 10, "yes_price_dollars": "0.1000"}
{"count": 19, "count_fp": "19.00", "created_time": "2026-02-09T20:38:03.326912Z", "no_price": 90, "no_price_dollars": "0.9000", "price": 0.1, "taker_side": "yes", "ticker": "KXINX-26FEB09H1600-B6987", "trade_id": "6005e481-9658-71e6-66a0-6f2de07d4d70", "yes_price": 10, "yes_price_dollars": "0.1000"}
{"count": 8, "count_fp": "8.00", "created_time": "2026-02-09T20:35:53.175886Z", "no_price": 90, "no_price_dollars": "0.9000", "price": 0.1, "taker_side": "yes", "ticker": "KXINX-26FEB09H1600-B6987", "trade_id": "8a0844b1-99b5-42e3-c005-8c6b0b06d444", "yes_price": 10, "yes_price_dollars": "0.1000"}
{"count": 1, "count_fp": "1.00", "created_time": "2026-02-09T20:35:53.175886Z", "no_price": 90, "no_price_dollars": "0.9000", "price": 0.1, "taker_side": "yes", "ticker": "KXINX-26FEB09H1600-B6987", "trade_id": "1e2d084e-4210-45ee-ebf0-cc7489c1a82f", "yes_price": 10, "yes_price_dollars": "0.1000"}
{"count": 291, "count_fp": "291.00", "created_time": "2026-02-09T20:30:36.713185Z", "no_price": 86, "no_price_dollars": "0.8600", "price": 0.14, "taker_side": "yes", "ticker": "KXINX-26FEB09H1600-B6987", "trade_id": "483c8d5d-9a73-776e-7876-b38a4352ee6b", "yes_price": 14, "yes_price_dollars": "0.1400"}
{"count": 54, "count_fp": "54.00", "created_time": "2026-02-09T20:30:20.166463Z", "no_price": 85, "no_price_dollars": "0.8500", "price": 0.15, "taker_side": "yes", "ticker": "KXINX-26FEB09H1600-B6987", "trade_id": "dde7188b-5fcf-54a6-3076-6dd86af67c13", "yes_price": 15, "yes_price_dollars": "0.1500"}
{"count": 1, "count_fp": "1.00", "created_time": "2026-02-09T20:30:01.387716Z", "no_price": 85, "no_price_dollars": "0.8500", "price": 0.15, "taker_side": "no", "ticker": "KXINX-26FEB09H1600-B6987", "trade_id": "ab424cc1-1e54-6841-5c12-dc800519b277", "yes_price": 15, "yes_price_dollars": "0.1500"}
{"count": 5, "count_fp": "5.00", "created_time": "2026-02-09T20:29:59.863671Z", "no_price": 81, "no_price_dollars": "0.8100", "price": 0.19, "taker_side": "yes", "ticker": "KXINX-26FEB09H1600-B6987", "trade_id": "cc8c0462-4cab-443a-fa7f-09e95e54c34f", "yes_price": 19, "yes_price_dollars": "0.1900"}
{"count": 5, "count_fp": "5.00", "created_time": "2026-02-09T20:29:11.912775Z", "no_price": 85, "no_price_dollars": "0.8500", "price": 0.15, "taker_side": "yes", "ticker": "KXINX-26FEB09H1600-B6987", "trade_id": "ddf8e7d8-51b7-6090-8554-898b4898f73f", "yes_price": 15, "yes_price_dollars": "0.1500"}
{"count": 400, "count_fp": "400.00", "created_time": "2026-02-09T20:29:11.912775Z", "no_price": 85, "no_price_dollars": "0.8500", "price": 0.15, "taker_side": "yes", "ticker": "KXINX-26FEB09H1600-B6987", "trade_id": "1d8feb14-ef1e-6bb4-ae1b-5346db943ac8", "yes_price": 15, "yes_price_dollars": "0.1500"}
{"count": 21, "count_fp": "21.00", "created_time": "2026-02-09T20:29:11.912775Z", "no_price": 85, "no_price_dollars": "0.8500", "price": 0.15, "taker_side": "yes", "ticker": "KXINX-26FEB09H1600-B6987", "trade_id": "086340ec-d36f-601b-b614-002c931f06d1", "yes_price": 15, "yes_price_dollars": "0.1500"}
{"count": 185, "count_fp": "185.00", "created_time": "2026-02-09T20:29:08.928809Z", "no_price": 87, "no_price_dollars": "0.8700", "price": 0.13, "taker_side": "no", "ticker": "KXINX-26FEB09H1600-B6987", "trade_id": "c35a45f1-fd3c-4c01-1581-a79346de1f6f", "yes_price": 13, "yes_price_dollars": "0.1300"}
{"count": 11, "count_fp": "11.00", "created_time": "2026-02-09T20:29:08.338515Z", "no_price": 87, "no_price_dollars": "0.8700", "price": 0.13, "taker_side": "yes", "ticker": "KXINX-26FEB09H1600-B6987", "trade_id": "61b4c353-e85c-6707-bb7c-64ac355d70b1", "yes_price": 13, "yes_price_dollars": "0.1300"}
{"count": 37, "count_fp": "37.00", "created_time": "2026-02-09T20:29:03.366953Z", "no_price": 87, "no_price_dollars": "0.8700", "price": 0.13, "taker_side": "yes", "ticker": "KXINX-26FEB09H1600-B6987", "trade_id": "1628d1a5-8238-618b-46aa-2ace4136b9dd", "yes_price": 13, "yes_price_dollars": "0.1300"}
{"count": 191, "count_fp": "191.00", "created_time": "2026-02-09T20:28:04.323956Z", "no_price": 82, "no_price_dollars": "0.8200", "price": 0.18, "taker_side": "no", "ticker": "KXINX-26FEB09H1600-B6987", "trade_id": "3de5a06f-a479-685e-7c2c-8f4298d42eee", "yes_price": 18, "yes_price_dollars": "0.1800"}
{"count": 5, "count_fp": "5.00", "created_time": "2026-02-09T20:27:58.111266Z", "no_price": 80, "no_price_dollars": "0.8000", "price": 0.2, "taker_side": "yes", "ticker": "KXINX-26FEB09H1600-B6987", "trade_id": "a5d28018-1f74-669e-6679-95d8b9bc4ed2", "yes_price": 20, "yes_price_dollars": "0.2000"}
{"count": 19, "count_fp": "19.00", "created_time": "2026-02-09T20:27:58.111266Z", "no_price": 80, "no_price_dollars": "0.8000", "price": 0.2, "taker_side": "yes", "ticker": "KXINX-26FEB09H1600-B6987", "trade_id": "4b3cea30-c307-6b62-6b22-e4748956c75f", "yes_price": 20, "yes_price_dollars": "0.2000"}
{"count": 9, "count_fp": "9.00", "created_time": "2026-02-09T20:27:47.154371Z", "no_price": 82, "no_price_dollars": "0.8200", "price": 0.18, "taker_side": "no", "ticker": "KXINX-26FEB09H1600-B6987", "trade_id": "cc5592c2-f769-42ae-000b-b39dd73a893a", "yes_price": 18, "yes_price_dollars": "0.1800"}
{"count": 51, "count_fp": "51.00", "created_time": "2026-02-09T20:27:37.898813Z", "no_price": 84, "no_price_dollars": "0.8400", "price": 0.16, "taker_side": "no", "ticker": "KXINX-26FEB09H1600-B6987", "trade_id": "2f373e9c-bff8-56cd-ed32-2e2541d8bdab", "yes_price": 16, "yes_price_dollars": "0.1600"}
{"count": 10, "count_fp": "10.00", "created_time": "2026-02-09T20:27:11.11523Z", "no_price": 80, "no_price_dollars": "0.8000", "price": 0.2, "taker_side": "no", "ticker": "KXINX-26FEB09H1600-B6987", "trade_id": "ca512149-c6de-44a2-57c5-03e4101c5e07", "yes_price": 20, "yes_price_dollars": "0.2000"}
{"count": 31, "count_fp": "31.00", "created_time": "2026-02-09T20:27:11.11523Z", "no_price": 82, "no_price_dollars": "0.8200", "price": 0.18, "taker_side": "no", "ticker": "KXINX-26FEB09H1600-B6987", "trade_id": "186d1f35-37c0-43d5-619e-878c52d67d8b", "yes_price": 18, "yes_price_dollars": "0.1800"}
{"count": 82, "count_fp": "82.00", "created_time": "2026-02-09T20:27:09.77163Z", "no_price": 81, "no_price_dollars": "0.8100", "price": 0.19, "taker_side": "no", "ticker": "KXINX-26FEB09H1600-B6987", "trade_id": "40cc52a5-5620-65f9-069b-ab0c75f49e23", "yes_price": 19, "yes_price_dollars": "0.1900"}
{"count": 38, "count_fp": "38.00", "created_time": "2026-02-09T20:26:42.148781Z", "no_price": 79, "no_price_dollars": "0.7900", "price": 0.21, "taker_side": "yes", "ticker": "KXINX-26FEB09H1600-B6987", "trade_id": "889ac0ff-cfdb-6376-19a6-6611731eb84b", "yes_price": 21, "yes_price_dollars": "0.2100"}
{"count": 90, "count_fp": "90.00", "created_time": "2026-02-09T20:26:10.262613Z", "no_price": 73, "no_price_dollars": "0.7300", "price": 0.27, "taker_side": "yes", "ticker": "KXINX-26FEB09H1600-B6987", "trade_id": "fefffc25-c6e7-6922-c2be-5b006c893e93", "yes_price": 27, "yes_price_dollars": "0.2700"}
{"count": 65, "count_fp": "65.00", "created_time": "2026-02-09T20:25:08.406791Z", "no_price": 71, "no_price_dollars": "0.7100", "price": 0.29, "taker_side": "yes", "ticker": "KXINX-26FEB09H1600-B6987", "trade_id": "4aa886f8-c6db-45de-245a-940f2c0849d7", "yes_price": 29, "yes_price_dollars": "0.2900"}
{"count": 52, "count_fp": "52.00", "created_time": "2026-02-09T20:24:53.150656Z", "no_price": 78, "no_price_dollars": "0.7800", "price": 0.22, "taker_side": "no", "ticker": "KXINX-26FEB09H1600-B6987", "trade_id": "92c130fa-547c-6e7d-528c-2119b75f3077", "yes_price": 22, "yes_price_dollars": "0.2200"}
{"count": 12, "count_fp": "12.00", "created_time": "2026-02-09T20:24:38.500861Z", "no_price": 71, "no_price_dollars": "0.7100", "price": 0.29, "taker_side": "yes", "ticker": "KXINX-26FEB09H1600-B6987", "trade_id": "f0a71403-f077-49c2-5098-ba84d8bfe6ab", "yes_price": 29, "yes_price_dollars": "0.2900"}
{"count": 13, "count_fp": "13.00", "created_time": "2026-02-09T20:24:25.262185Z", "no_price": 64, "no_price_dollars": "0.6400", "price": 0.36, "taker_side": "yes", "ticker": "KXINX-26FEB09H1600-B6987", "trade_id": "818cdf78-91f3-615a-6e3c-9b7b0ff298fb", "yes_price": 36, "yes_price_dollars": "0.3600"}
{"count": 20, "count_fp": "20.00", "created_time": "2026-02-09T20:24:22.373185Z", "no_price": 64, "no_price_dollars": "0.6400", "price": 0.36, "taker_side": "no", "ticker": "KXINX-26FEB09H1600-B6987", "trade_id": "d642982d-76b3-6811-5782-1ac7c65940b7", "yes_price": 36, "yes_price_dollars": "0.3600"}
{"count": 13, "count_fp": "13.00", "created_time": "2026-02-09T20:23:42.100625Z", "no_price": 66, "no_price_dollars": "0.6600", "price": 0.34, "taker_side": "yes", "ticker": "KXINX-26FEB09H1600-B6987", "trade_id": "304669d8-f23e-4d79-bc34-d5ceccedb1c9", "yes_price": 34, "yes_price_dollars": "0.3400"}
{"count": 46, "count_fp": "46.00", "created_time": "2026-02-09T20:21:50.828629Z", "no_price": 68, "no_price_dollars": "0.6800", "price": 0.32, "taker_side": "no", "ticker": "KXINX-26FEB09H1600-B6987", "trade_id": "d0b801b6-1058-7f09-48f2-6c61d39728cb", "yes_price": 32, "yes_price_dollars": "0.3200"}
{"count": 200, "count_fp": "200.00", "created_time": "2026-02-09T20:21:02.391254Z", "no_price": 67, "no_price_dollars": "0.6700", "price": 0.33, "taker_side": "no", "ticker": "KXINX-26FEB09H1600-B6987", "trade_id": "9c7ae5a3-6abf-6a51-5003-31c3616819bd", "yes_price": 33, "yes_price_dollars": "0.3300"}
{"count": 185, "count_fp": "185.00", "created_time": "2026-02-09T20:19:58.616966Z", "no_price": 63, "no_price_dollars": "0.6300", "price": 0.37, "taker_side": "yes", "ticker": "KXINX-26FEB09H1600-B6987", "trade_id": "b7318554-e5ef-6c36-ed93-477ebd5da93f", "yes_price": 37, "yes_price_dollars": "0.3700"}
{"count": 52, "count_fp": "52.00", "created_time": "2026-02-09T20:18:44.883496Z", "no_price": 63, "no_price_dollars": "0.6300", "price": 0.37, "taker_side": "yes", "ticker": "KXINX-26FEB09H1600-B6987", "trade_id": "34739fbd-d953-6ce2-0294-abc5599e93af", "yes_price": 37, "yes_price_dollars": "0.3700"}
{"count": 13, "count_fp": "13.00", "created_time": "2026-02-09T20:17:53.903787Z", "no_price": 64, "no_price_dollars": "0.6400", "price": 0.36, "taker_side": "no", "ticker": "KXINX-26FEB09H1600-B6987", "trade_id": "9f1c2e7b-7dbb-6f65-4d6f-7383a44958a1", "yes_price": 36, "yes_price_dollars": "0.3600"}
{"count": 263, "count_fp": "263.00", "created_time": "2026-02-09T20:11:27.932336Z", "no_price": 44, "no_price_dollars": "0.4400", "price": 0.56, "taker_side": "yes", "ticker": "KXINX-26FEB09H1600-B6987", "trade_id": "e4b5e050-a527-6d52-93ea-c29e76e76afb", "yes_price": 56, "yes_price_dollars": "0.5600"}
{"count": 46, "count_fp": "46.00", "created_time": "2026-02-09T20:10:01.234548Z", "no_price": 48, "no_price_dollars": "0.4800", "price": 0.52, "taker_side": "yes", "ticker": "KXINX-26FEB09H1600-B6987", "trade_id": "d56756a5-586b-6a32-dce2-2f53e27beb57", "yes_price": 52, "yes_price_dollars": "0.5200"}
{"count": 9, "count_fp": "9.00", "created_time": "2026-02-09T20:05:57.433983Z", "no_price": 40, "no_price_dollars": "0.4000", "price": 0.6, "taker_side": "yes", "ticker": "KXINX-26FEB09H1600-B6987", "trade_id": "910a33ba-a367-7496-06a9-d578e2867e57", "yes_price": 60, "yes_price_dollars": "0.6000"}
{"count": 2, "count_fp": "2.00", "created_time": "2026-02-09T20:05:44.994611Z", "no_price": 39, "no_price_dollars": "0.3900", "price": 0.61, "taker_side": "yes", "ticker": "KXINX-26FEB09H1600-B6987", "trade_id": "9a1f3e9d-6457-733e-ca91-e65517e6efff", "yes_price": 61, "yes_price_dollars": "0.6100"}
{"count": 100, "count_fp": "100.00", "created_time": "2026-02-09T20:05:10.974983Z", "no_price": 47, "no_price_dollars": "0.4700", "price": 0.53, "taker_side": "no", "ticker": "KXINX-26FEB09H1600-B6987", "trade_id": "2c8259fe-6d85-4e56-869d-8c206f84e306", "yes_price": 53, "yes_price_dollars": "0.5300"}
{"count": 96, "count_fp": "96.00", "created_time": "2026-02-09T20:05:10.974983Z", "no_price": 51, "no_price_dollars": "0.5100", "price": 0.49, "taker_side": "no", "ticker": "KXINX-26FEB09H1600-B6987", "trade_id": "1ee5e405-e47a-432d-9666-01aa9f77aac2", "yes_price": 49, "yes_price_dollars": "0.4900"}
{"count": 92, "count_fp": "92.00", "created_time": "2026-02-09T20:05:10.697737Z", "no_price": 46, "no_price_dollars": "0.4600", "price": 0.54, "taker_side": "yes", "ticker": "KXINX-26FEB09H1600-B6987", "trade_id": "16015c4f-ecdb-60fe-45a6-384bd77bb3eb", "yes_price": 54, "yes_price_dollars": "0.5400"}
{"count": 16, "count_fp": "16.00", "created_time": "2026-02-09T20:04:21.840883Z", "no_price": 41, "no_price_dollars": "0.4100", "price": 0.59, "taker_side": "yes", "ticker": "KXINX-26FEB09H1600-B6987", "trade_id": "83223350-31d7-6012-d4cc-dd465c832253", "yes_price": 59, "yes_price_dollars": "0.5900"}
{"count": 16, "count_fp": "16.00", "created_time": "2026-02-09T20:04:13.510833Z", "no_price": 42, "no_price_dollars": "0.4200", "price": 0.58, "taker_side": "yes", "ticker": "KXINX-26FEB09H1600-B6987", "trade_id": "9cfe193a-e8a3-5826-f899-43cd9f52ed43", "yes_price": 58, "yes_price_dollars": "0.5800"}
{"count": 41, "count_fp": "41.00", "created_time": "2026-02-09T20:04:10.323507Z", "no_price": 42, "no_price_dollars": "0.4200", "price": 0.58, "taker_side": "yes", "ticker": "KXINX-26FEB09H1600-B6987", "trade_id": "48b5cc10-1aab-4d86-0283-b9f002c01c53", "yes_price": 58, "yes_price_dollars": "0.5800"}
{"count": 58, "count_fp": "58.00", "created_time": "2026-02-09T20:03:50.871335Z", "no_price": 41, "no_price_dollars": "0.4100", "price": 0.59, "taker_side": "yes", "ticker": "KXINX-26FEB09H1600-B6987", "trade_id": "f2978ef6-f1db-71e6-6b7d-34801170d40f", "yes_price": 59, "yes_price_dollars": "0.5900"}
{"count": 82, "count_fp": "82.00", "created_time": "2026-02-09T20:03:49.598176Z", "no_price": 40, "no_price_dollars": "0.4000", "price": 0.6, "taker_side": "yes", "ticker": "KXINX-26FEB09H1600-B6987", "trade_id": "afdde331-60e3-78ce-b3e7-f689087c22db", "yes_price": 60, "yes_price_dollars": "0.6000"}
{"count": 12, "count_fp": "12.00", "created_time": "2026-02-09T20:01:36.593175Z", "no_price": 50, "no_price_dollars": "0.5000", "price": 0.5, "taker_side": "no", "ticker": "KXINX-26FEB09H1600-B6987", "trade_id": "d9a0b4e3-5312-7cb1-d38c-dc432e5234aa", "yes_price": 50, "yes_price_dollars": "0.5000"}
{"count": 30, "count_fp": "30.00", "created_time": "2026-02-09T20:01:36.593175Z", "no_price": 50, "no_price_dollars": "0.5000", "price": 0.5, "taker_side": "no", "ticker": "KXINX-26FEB09H1600-B6987", "trade_id": "557dab97-946c-7f5a-f451-802be22b9dda", "yes_price": 50, "yes_price_dollars": "0.5000"}
{"count": 45, "count_fp": "45.00", "created_time": "2026-02-09T20:01:30.533131Z", "no_price": 47, "no_price_dollars": "0.4700", "price": 0.53, "taker_side": "yes", "ticker": "KXINX-26FEB09H1600-B6987", "trade_id": "f5554ffa-a3f6-6850-eaae-f84539100b13", "yes_price": 53, "yes_price_dollars": "0.5300"}
{"count": 13, "count_fp": "13.00", "created_time": "2026-02-09T19:55:45.0736Z", "no_price": 51, "no_price_dollars": "0.5100", "price": 0.49, "taker_side": "no", "ticker": "KXINX-26FEB09H1600-B6987", "trade_id": "9bcaca47-f7cb-61f6-7720-9eed25f6ce1a", "yes_price": 49, "yes_price_dollars": "0.4900"}
{"count": 8, "count_fp": "8.00", "created_time": "2026-02-09T19:52:25.743829Z", "no_price": 44, "no_price_dollars": "0.4400", "price": 0.56, "taker_side": "yes", "ticker": "KXINX-26FEB09H1600-B6987", "trade_id": "b0b157ec-618b-7376-aa88-8f908756c937", "yes_price": 56, "yes_price_dollars": "0.5600"}
{"count": 86, "count_fp": "86.00", "created_time": "2026-02-09T19:52:21.92079Z", "no_price": 43, "no_price_dollars": "0.4300", "price": 0.57, "taker_side": "yes", "ticker": "KXINX-26FEB09H1600-B6987", "trade_id": "181108c5-f2f7-5942-c27a-b3ebd97d3eb3", "yes_price": 57, "yes_price_dollars": "0.5700"}
{"count": 5, "count_fp": "5.00", "created_time": "2026-02-09T19:52:18.024516Z", "no_price": 44, "no_price_dollars": "0.4400", "price": 0.56, "taker_side": "yes", "ticker": "KXINX-26FEB09H1600-B6987", "trade_id": "803bf55e-613b-4e7a-8984-5d092797a9eb", "yes_price": 56, "yes_price_dollars": "0.5600"}
{"count": 98, "count_fp": "98.00", "created_time": "2026-02-09T19:51:27.109958Z", "no_price": 41, "no_price_dollars": "0.4100", "price": 0.59, "taker_side": "yes", "ticker": "KXINX-26FEB09H1600-B6987", "trade_id": "398ca562-0ee7-7ba2-c7e6-be33e411eb9b", "yes_price": 59, "yes_price_dollars": "0.5900"}
{"count": 246, "count_fp": "246.00", "created_time": "2026-02-09T19:50:54.196873Z", "no_price": 41, "no_price_dollars": "0.4100", "price": 0.59, "taker_side": "yes", "ticker": "KXINX-26FEB09H1600-B6987", "trade_id": "87df5aba-2973-5ae2-a499-2ffb9216fc6f", "yes_price": 59, "yes_price_dollars": "0.5900"}
{"count": 129, "count_fp": "129.00", "created_time": "2026-02-09T19:48:55.555369Z", "no_price": 46, "no_price_dollars": "0.4600", "price": 0.54, "taker_side": "yes", "ticker": "KXINX-26FEB09H1600-B6987", "trade_id": "a04b214f-dee3-7006-a7ba-b97494fa7653", "yes_price": 54, "yes_price_dollars": "0.5400"}
{"count": 3, "count_fp": "3.00", "created_time": "2026-02-09T19:46:42.528023Z", "no_price": 41, "no_price_dollars": "0.4100", "price": 0.59, "taker_side": "yes", "ticker": "KXINX-26FEB09H1600-B6987", "trade_id": "2ab9f5c6-6c0b-6c06-d547-3b13fb3fcfd3", "yes_price": 59, "yes_price_dollars": "0.5900"}
{"count": 1, "count_fp": "1.00", "created_time": "2026-02-09T19:45:55.208999Z", "no_price": 47, "no_price_dollars": "0.4700", "price": 0.53, "taker_side": "no", "ticker": "KXINX-26FEB09H1600-B6987", "trade_id": "e44e83c3-2e3e-5609-0659-d3672a778272", "yes_price": 53, "yes_price_dollars": "0.5300"}
{"count": 5, "count_fp": "5.00", "created_time": "2026-02-09T19:44:55.449762Z", "no_price": 48, "no_price_dollars": "0.4800", "price": 0.52, "taker_side": "no", "ticker": "KXINX-26FEB09H1600-B6987", "trade_id": "13f96e22-5842-4309-b674-153771a3c456", "yes_price": 52, "yes_price_dollars": "0.5200"}
{"count": 40, "count_fp": "40.00", "created_time": "2026-02-09T19:44:45.858956Z", "no_price": 47, "no_price_dollars": "0.4700", "price": 0.53, "taker_side": "no", "ticker": "KXINX-26FEB09H1600-B6987", "trade_id": "05cd8ea7-a19e-7d81-4777-5d19f8b4938e", "yes_price": 53, "yes_price_dollars": "0.5300"}
{"count": 8, "count_fp": "8.00", "created_time": "2026-02-09T19:42:18.336978Z", "no_price": 41, "no_price_dollars": "0.4100", "price": 0.59, "taker_side": "yes", "ticker": "KXINX-26FEB09H1600-B6987", "trade_id": "1e92556f-b7cb-50ce-b3ad-74d4467fe053", "yes_price": 59, "yes_price_dollars": "0.5900"}
{"count": 13, "count_fp": "13.00", "created_time": "2026-02-09T19:41:39.968514Z", "no_price": 41, "no_price_dollars": "0.4100", "price": 0.59, "taker_side": "yes", "ticker": "KXINX-26FEB09H1600-B6987", "trade_id": "2cc13cfe-e45f-4762-73a0-07d4f79e2f23", "yes_price": 59, "yes_price_dollars": "0.5900"}
{"count": 13, "count_fp": "13.00", "created_time": "2026-02-09T19:41:28.460083Z", "no_price": 42, "no_price_dollars": "0.4200", "price": 0.58, "taker_side": "yes", "ticker": "KXINX-26FEB09H1600-B6987", "trade_id": "c80e8b98-944b-435e-a302-040198621bff", "yes_price": 58, "yes_price_dollars": "0.5800"}
{"count": 175, "count_fp": "175.00", "created_time": "2026-02-09T19:40:46.509425Z", "no_price": 44, "no_price_dollars": "0.4400", "price": 0.56, "taker_side": "yes", "ticker": "KXINX-26FEB09H1600-B6987", "trade_id": "5cedffe8-5fc3-6902-a1df-edf63cd6487b", "yes_price": 56, "yes_price_dollars": "0.5600"}
{"count": 16, "count_fp": "16.00", "created_time": "2026-02-09T19:40:15.825644Z", "no_price": 41, "no_price_dollars": "0.4100", "price": 0.59, "taker_side": "yes", "ticker": "KXINX-26FEB09H1600-B6987", "trade_id": "e571ffda-90fc-4c51-1cb6-2fcdd46ead7e", "yes_price": 59, "yes_price_dollars": "0.5900"}
{"count": 80, "count_fp": "80.00", "created_time": "2026-02-09T19:37:46.773448Z", "no_price": 39, "no_price_dollars": "0.3900", "price": 0.61, "taker_side": "yes", "ticker": "KXINX-26FEB09H1600-B6987", "trade_id": "a7deac77-0cf7-70a2-2347-53301e6c7d93", "yes_price": 61, "yes_price_dollars": "0.6100"}
{"count": 8, "count_fp": "8.00", "created_time": "2026-02-09T19:35:02.08593Z", "no_price": 42, "no_price_dollars": "0.4200", "price": 0.58, "taker_side": "yes", "ticker": "KXINX-26FEB09H1600-B6987", "trade_id": "0c12f159-f5c3-6636-c2e7-0e479003f123", "yes_price": 58, "yes_price_dollars": "0.5800"}
{"count": 3, "count_fp": "3.00", "created_time": "2026-02-09T19:32:51.402755Z", "no_price": 38, "no_price_dollars": "0.3800", "price": 0.62, "taker_side": "yes", "ticker": "KXINX-26FEB09H1600-B6987", "trade_id": "c300bc27-8973-470a-1e0f-bae6ec6dab8f", "yes_price": 62, "yes_price_dollars": "0.6200"}
{"count": 10, "count_fp": "10.00", "created_time": "2026-02-09T19:32:24.778537Z", "no_price": 47, "no_price_dollars": "0.4700", "price": 0.53, "taker_side": "no", "ticker": "KXINX-26FEB09H1600-B6987", "trade_id": "6ada0c07-2ef6-7d19-f218-4902bf6e1532", "yes_price": 53, "yes_price_dollars": "0.5300"}
{"count": 16, "count_fp": "16.00", "created_time": "2026-02-09T19:31:26.842192Z", "no_price": 43, "no_price_dollars": "0.4300", "price": 0.57, "taker_side": "yes", "ticker": "KXINX-26FEB09H1600-B6987", "trade_id": "3a6c9054-ada3-6cd6-fd28-58f17ce61f2b", "yes_price": 57, "yes_price_dollars": "0.5700"}
{"count": 14, "count_fp": "14.00", "created_time": "2026-02-09T19:28:32.540164Z", "no_price": 39, "no_price_dollars": "0.3900", "price": 0.61, "taker_side": "no", "ticker": "KXINX-26FEB09H1600-B6987", "trade_id": "fec09e48-0cd0-43d1-1f18-745a07aa1e8f", "yes_price": 61, "yes_price_dollars": "0.6100"}
{"count": 100, "count_fp": "100.00", "created_time": "2026-02-09T19:28:20.571836Z", "no_price": 40, "no_price_dollars": "0.4000", "price": 0.6, "taker_side": "yes", "ticker": "KXINX-26FEB09H1600-B6987", "trade_id": "ee1da2ef-0a8c-5605-75a3-6f14656a52db", "yes_price": 60, "yes_price_dollars": "0.6000"}
{"count": 6, "count_fp": "6.00", "created_time": "2026-02-09T19:23:30.371276Z", "no_price": 50, "no_price_dollars": "0.5000", "price": 0.5, "taker_side": "yes", "ticker": "KXINX-26FEB09H1600-B6987", "trade_id": "6e7c482f-20a0-506f-7284-35593973008b", "yes_price": 50, "yes_price_dollars": "0.5000"}
{"count": 9, "count_fp": "9.00", "created_time": "2026-02-09T19:23:11.406655Z", "no_price": 50, "no_price_dollars": "0.5000", "price": 0.5, "taker_side": "yes", "ticker": "KXINX-26FEB09H1600-B6987", "trade_id": "c4464857-8a58-5fe3-c3df-46a968d46ec3", "yes_price": 50, "yes_price_dollars": "0.5000"}
{"count": 4, "count_fp": "4.00", "created_time": "2026-02-09T19:21:01.529147Z", "no_price": 50, "no_price_dollars": "0.5000", "price": 0.5, "taker_side": "yes", "ticker": "KXINX-26FEB09H1600-B6987", "trade_id": "2c55632e-4d54-65cb-cba4-447e13020997", "yes_price": 50, "yes_price_dollars": "0.5000"}
{"count": 14, "count_fp": "14.00", "created_time": "2026-02-09T19:19:31.571695Z", "no_price": 55, "no_price_dollars": "0.5500", "price": 0.45, "taker_side": "no", "ticker": "KXINX-26FEB09H1600-B6987", "trade_id": "e1d745d5-2648-535c-6864-49394c6a464b", "yes_price": 45, "yes_price_dollars": "0.4500"}
{"count": 10, "count_fp": "10.00", "created_time": "2026-02-09T19:17:33.523721Z", "no_price": 53, "no_price_dollars": "0.5300", "price": 0.47, "taker_side": "yes", "ticker": "KXINX-26FEB09H1600-B6987", "trade_id": "13448f1c-3a29-503d-998e-54f6b5ed2543", "yes_price": 47, "yes_price_dollars": "0.4700"}
{"count": 10, "count_fp": "10.00", "created_time": "2026-02-09T19:17:22.312506Z", "no_price": 53, "no_price_dollars": "0.5300", "price": 0.47, "taker_side": "yes", "ticker": "KXINX-26FEB09H1600-B6987", "trade_id": "8f259d65-419d-7841-07af-0b716b3bdf8b", "yes_price": 47, "yes_price_dollars": "0.4700"}
{"count": 17, "count_fp": "17.00", "created_time": "2026-02-09T19:15:17.443814Z", "no_price": 54, "no_price_dollars": "0.5400", "price": 0.46, "taker_side": "yes", "ticker": "KXINX-26FEB09H1600-B6987", "trade_id": "e2711786-18c5-4f31-7846-fc1bb5aafd87", "yes_price": 46, "yes_price_dollars": "0.4600"}
{"count": 4, "count_fp": "4.00", "created_time": "2026-02-09T19:14:29.775677Z", "no_price": 58, "no_price_dollars": "0.5800", "price": 0.42, "taker_side": "no", "ticker": "KXINX-26FEB09H1600-B6987", "trade_id": "82b1c09e-68c4-5dcb-93af-5bf74cb7b9dd", "yes_price": 42, "yes_price_dollars": "0.4200"}
{"count": 5, "count_fp": "5.00", "created_time": "2026-02-09T19:14:21.124208Z", "no_price": 52, "no_price_dollars": "0.5200", "price": 0.48, "taker_side": "yes", "ticker": "KXINX-26FEB09H1600-B6987", "trade_id": "207916ae-6b15-6be9-5378-4cfcc48b4ae7", "yes_price": 48, "yes_price_dollars": "0.4800"}
{"count": 20, "count_fp": "20.00", "created_time": "2026-02-09T19:14:11.326065Z", "no_price": 57, "no_price_dollars": "0.5700", "price": 0.43, "taker_side": "yes", "ticker": "KXINX-26FEB09H1600-B6987", "trade_id": "7b955be4-fc19-5ade-59ab-41d6624af36c", "yes_price": 43, "yes_price_dollars": "0.4300"}
{"count": 149, "count_fp": "149.00", "created_time": "2026-02-09T19:09:56.998476Z", "no_price": 74, "no_price_dollars": "0.7400", "price": 0.26, "taker_side": "no", "ticker": "KXINX-26FEB09H1600-B6987", "trade_id": "0455e5ea-6644-5d33-bf24-f38c58aab121", "yes_price": 26, "yes_price_dollars": "0.2600"}
{"count": 39, "count_fp": "39.00", "created_time": "2026-02-09T19:09:42.900465Z", "no_price": 74, "no_price_dollars": "0.7400", "price": 0.26, "taker_side": "no", "ticker": "KXINX-26FEB09H1600-B6987", "trade_id": "5c748384-edd4-66c3-da7b-9ecb97256d01", "yes_price": 26, "yes_price_dollars": "0.2600"}
{"count": 74, "count_fp": "74.00", "created_time": "2026-02-09T19:08:03.966438Z", "no_price": 72, "no_price_dollars": "0.7200", "price": 0.28, "taker_side": "no", "ticker": "KXINX-26FEB09H1600-B6987", "trade_id": "8c2d7748-bdd1-4061-3d1f-8835548132aa", "yes_price": 28, "yes_price_dollars": "0.2800"}
{"count": 14, "count_fp": "14.00", "created_time": "2026-02-09T19:07:37.788038Z", "no_price": 66, "no_price_dollars": "0.6600", "price": 0.34, "taker_side": "yes", "ticker": "KXINX-26FEB09H1600-B6987", "trade_id": "278ed73a-4269-4445-ffe7-973f9a4cfec3", "yes_price": 34, "yes_price_dollars": "0.3400"}
{"count": 255, "count_fp": "255.00", "created_time": "2026-02-09T19:05:51.528806Z", "no_price": 71, "no_price_dollars": "0.7100", "price": 0.29, "taker_side": "no", "ticker": "KXINX-26FEB09H1600-B6987", "trade_id": "81f24558-9790-7983-9fad-e113c0bbb809", "yes_price": 29, "yes_price_dollars": "0.2900"}
{"count": 22, "count_fp": "22.00", "created_time": "2026-02-09T19:05:35.821795Z", "no_price": 63, "no_price_dollars": "0.6300", "price": 0.37, "taker_side": "no", "ticker": "KXINX-26FEB09H1600-B6987", "trade_id": "e5801e01-df02-48b2-2d2c-c48ce3a70f37", "yes_price": 37, "yes_price_dollars": "0.3700"}
{"count": 119, "count_fp": "119.00", "created_time": "2026-02-09T19:05:10.942042Z", "no_price": 60, "no_price_dollars": "0.6000", "price": 0.4, "taker_side": "yes", "ticker": "KXINX-26FEB09H1600-B6987", "trade_id": "07365658-31e1-65d9-06d9-44ca18105023", "yes_price": 40, "yes_price_dollars": "0.4000"}
{"count": 61, "count_fp": "61.00", "created_time": "2026-02-09T19:04:53.4949Z", "no_price": 60, "no_price_dollars": "0.6000", "price": 0.4, "taker_side": "yes", "ticker": "KXINX-26FEB09H1600-B6987", "trade_id": "2ad66218-fe89-63b1-7321-e59359d80c73", "yes_price": 40, "yes_price_dollars": "0.4000"}
{"count": 50, "count_fp": "50.00", "created_time": "2026-02-09T19:04:33.962497Z", "no_price": 61, "no_price_dollars": "0.6100", "price": 0.39, "taker_side": "yes", "ticker": "KXINX-26FEB09H1600-B6987", "trade_id": "80d1c282-96ad-4239-a8a2-6afc355ff05b", "yes_price": 39, "yes_price_dollars": "0.3900"}
{"count": 38, "count_fp": "38.00", "created_time": "2026-02-09T19:00:27.977878Z", "no_price": 77, "no_price_dollars": "0.7700", "price": 0.23, "taker_side": "no", "ticker": "KXINX-26FEB09H1600-B6987", "trade_id": "0dd96c1a-774c-595b-bba7-9a9603f7bf09", "yes_price": 23, "yes_price_dollars": "0.2300"}
{"count": 50, "count_fp": "50.00", "created_time": "2026-02-09T19:00:25.889765Z", "no_price": 72, "no_price_dollars": "0.7200", "price": 0.28, "taker_side": "yes", "ticker": "KXINX-26FEB09H1600-B6987", "trade_id": "1f3351ca-43a1-4149-d679-3807b6d9b127", "yes_price": 28, "yes_price_dollars": "0.2800"}
{"count": 34, "count_fp": "34.00", "created_time": "2026-02-09T18:59:32.06589Z", "no_price": 72, "no_price_dollars": "0.7200", "price": 0.28, "taker_side": "yes", "ticker": "KXINX-26FEB09H1600-B6987", "trade_id": "3fe4064b-3b58-5cb6-da34-30d74a4374d5", "yes_price": 28, "yes_price_dollars": "0.2800"}
{"count": 14, "count_fp": "14.00", "created_time": "2026-02-09T18:52:13.04455Z", "no_price": 68, "no_price_dollars": "0.6800", "price": 0.32, "taker_side": "no", "ticker": "KXINX-26FEB09H1600-B6987", "trade_id": "2871a412-b73c-74f3-ade6-59b5c9c65355", "yes_price": 32, "yes_price_dollars": "0.3200"}
{"count": 25, "count_fp": "25.00", "created_time": "2026-02-09T18:43:14.338412Z", "no_price": 62, "no_price_dollars": "0.6200", "price": 0.38, "taker_side": "yes", "ticker": "KXINX-26FEB09H1600-B6987", "trade_id": "552b894e-8ded-5b41-9a4e-1da23a26b7fb", "yes_price": 38, "yes_price_dollars": "0.3800"}
{"count": 13, "count_fp": "13.00", "created_time": "2026-02-09T18:42:12.129442Z", "no_price": 65, "no_price_dollars": "0.6500", "price": 0.35, "taker_side": "no", "ticker": "KXINX-26FEB09H1600-B6987", "trade_id": "5d9d15c7-4769-4517-1c6a-297ad1af54c8", "yes_price": 35, "yes_price_dollars": "0.3500"}
{"count": 40, "count_fp": "40.00", "created_time": "2026-02-09T18:39:49.051305Z", "no_price": 64, "no_price_dollars": "0.6400", "price": 0.36, "taker_side": "yes", "ticker": "KXINX-26FEB09H1600-B6987", "trade_id": "a5479b10-5741-44e1-ca7c-c629e76ee2b7", "yes_price": 36, "yes_price_dollars": "0.3600"}
{"count": 50, "count_fp": "50.00", "created_time": "2026-02-09T18:37:35.126816Z", "no_price": 70, "no_price_dollars": "0.7000", "price": 0.3, "taker_side": "no", "ticker": "KXINX-26FEB09H1600-B6987", "trade_id": "ea1319bb-d42a-40e9-3a82-43694560eca8", "yes_price": 30, "yes_price_dollars": "0.3000"}
{"count": 16, "count_fp": "16.00", "created_time": "2026-02-09T18:30:33.990623Z", "no_price": 80, "no_price_dollars": "0.8000", "price": 0.2, "taker_side": "no", "ticker": "KXINX-26FEB09H1600-B6987", "trade_id": "faad9da1-0493-4d46-0596-fe80ac12ffe6", "yes_price": 20, "yes_price_dollars": "0.2000"}
{"count": 15, "count_fp": "15.00", "created_time": "2026-02-09T18:29:10.370476Z", "no_price": 78, "no_price_dollars": "0.7800", "price": 0.22, "taker_side": "yes", "ticker": "KXINX-26FEB09H1600-B6987", "trade_id": "a13c5839-5741-660c-ea21-f7e6da93526a", "yes_price": 22, "yes_price_dollars": "0.2200"}
{"count": 62, "count_fp": "62.00", "created_time": "2026-02-09T18:25:02.998953Z", "no_price": 69, "no_price_dollars": "0.6900", "price": 0.31, "taker_side": "yes", "ticker": "KXINX-26FEB09H1600-B6987", "trade_id": "6d071b77-e3d5-7125-1cb5-79178099b4a7", "yes_price": 31, "yes_price_dollars": "0.3100"}
{"count": 19, "count_fp": "19.00", "created_time": "2026-02-09T18:23:05.790338Z", "no_price": 72, "no_price_dollars": "0.7200", "price": 0.28, "taker_side": "no", "ticker": "KXINX-26FEB09H1600-B6987", "trade_id": "9be6f5db-1811-4007-0067-39d36acea62e", "yes_price": 28, "yes_price_dollars": "0.2800"}
{"count": 47, "count_fp": "47.00", "created_time": "2026-02-09T18:22:03.849121Z", "no_price": 82, "no_price_dollars": "0.8200", "price": 0.18, "taker_side": "yes", "ticker": "KXINX-26FEB09H1600-B6987", "trade_id": "6ac1521d-85ae-4c56-48a9-f0f4c9f5f038", "yes_price": 18, "yes_price_dollars": "0.1800"}
{"count": 10, "count_fp": "10.00", "created_time": "2026-02-09T18:21:34.146747Z", "no_price": 85, "no_price_dollars": "0.8500", "price": 0.15, "taker_side": "no", "ticker": "KXINX-26FEB09H1600-B6987", "trade_id": "27218dc1-929e-625f-ceab-dde04bc26eab", "yes_price": 15, "yes_price_dollars": "0.1500"}
{"count": 39, "count_fp": "39.00", "created_time": "2026-02-09T18:20:27.57582Z", "no_price": 68, "no_price_dollars": "0.6800", "price": 0.32, "taker_side": "no", "ticker": "KXINX-26FEB09H1600-B6987", "trade_id": "9d0837a6-c95c-6aea-4bd5-2036b9b66cf2", "yes_price": 32, "yes_price_dollars": "0.3200"}
{"count": 15, "count_fp": "15.00", "created_time": "2026-02-09T18:19:10.972437Z", "no_price": 66, "no_price_dollars": "0.6600", "price": 0.34, "taker_side": "no", "ticker": "KXINX-26FEB09H1600-B6987", "trade_id": "afc4269e-94d3-4315-3dd3-a3dc4a0dd5e9", "yes_price": 34, "yes_price_dollars": "0.3400"}
{"count": 14, "count_fp": "14.00", "created_time": "2026-02-09T18:15:51.584396Z", "no_price": 66, "no_price_dollars": "0.6600", "price": 0.34, "taker_side": "yes", "ticker": "KXINX-26FEB09H1600-B6987", "trade_id": "0feded5f-5b31-7a11-68c0-243962f9d897", "yes_price": 34, "yes_price_dollars": "0.3400"}
{"count": 2, "count_fp": "2.00", "created_time": "2026-02-09T18:08:55.098346Z", "no_price": 66, "no_price_dollars": "0.6600", "price": 0.34, "taker_side": "yes", "ticker": "KXINX-26FEB09H1600-B6987", "trade_id": "1fb8fe4e-2710-63b2-6aa4-0461503ea7e3", "yes_price": 34, "yes_price_dollars": "0.3400"}
{"count": 48, "count_fp": "48.00", "created_time": "2026-02-09T18:08:45.060581Z", "no_price": 67, "no_price_dollars": "0.6700", "price": 0.33, "taker_side": "yes", "ticker": "KXINX-26FEB09H1600-B6987", "trade_id": "b7039b53-fc0f-7661-351f-ea5af1e408c7", "yes_price": 33, "yes_price_dollars": "0.3300"}
{"count": 11, "count_fp": "11.00", "created_time": "2026-02-09T18:05:20.65003Z", "no_price": 68, "no_price_dollars": "0.6800", "price": 0.32, "taker_side": "yes", "ticker": "KXINX-26FEB09H1600-B6987", "trade_id": "3f2a1b12-14d3-61b1-f050-7c5545761c9b", "yes_price": 32, "yes_price_dollars": "0.3200"}
{"count": 20, "count_fp": "20.00", "created_time": "2026-02-09T18:04:59.078015Z", "no_price": 67, "no_price_dollars": "0.6700", "price": 0.33, "taker_side": "yes", "ticker": "KXINX-26FEB09H1600-B6987", "trade_id": "6f87e13f-423b-77f5-66a2-b99659d10a7b", "yes_price": 33, "yes_price_dollars": "0.3300"}
{"count": 44, "count_fp": "44.00", "created_time": "2026-02-09T17:59:56.381031Z", "no_price": 74, "no_price_dollars": "0.7400", "price": 0.26, "taker_side": "no", "ticker": "KXINX-26FEB09H1600-B6987", "trade_id": "c383f631-623a-7cbf-9aa0-2a6ec49b7396", "yes_price": 26, "yes_price_dollars": "0.2600"}
{"count": 1, "count_fp": "1.00", "created_time": "2026-02-09T17:59:34.870838Z", "no_price": 67, "no_price_dollars": "0.6700", "price": 0.33, "taker_side": "yes", "ticker": "KXINX-26FEB09H1600-B6987", "trade_id": "08b0d89b-7f2b-4d01-d235-7c8b2b4fac13", "yes_price": 33, "yes_price_dollars": "0.3300"}
{"count": 1, "count_fp": "1.00", "created_time": "2026-02-09T17:59:13.605256Z", "no_price": 69, "no_price_dollars": "0.6900", "price": 0.31, "taker_side": "yes", "ticker": "KXINX-26FEB09H1600-B6987", "trade_id": "e62dcb90-d303-54f9-ee50-dddf5b4fce27", "yes_price": 31, "yes_price_dollars": "0.3100"}
{"count": 72, "count_fp": "72.00", "created_time": "2026-02-09T17:52:09.273793Z", "no_price": 67, "no_price_dollars": "0.6700", "price": 0.33, "taker_side": "no", "ticker": "KXINX-26FEB09H1600-B6987", "trade_id": "b8a5473e-932a-52ff-fe44-35a014b334a6", "yes_price": 33, "yes_price_dollars": "0.3300"}
{"count": 35, "count_fp": "35.00", "created_time": "2026-02-09T17:47:32.918504Z", "no_price": 65, "no_price_dollars": "0.6500", "price": 0.35, "taker_side": "no", "ticker": "KXINX-26FEB09H1600-B6987", "trade_id": "779224ed-0d78-5588-fac6-b0c415a68e70", "yes_price": 35, "yes_price_dollars": "0.3500"}
{"count": 51, "count_fp": "51.00", "created_time": "2026-02-09T17:46:50.330459Z", "no_price": 62, "no_price_dollars": "0.6200", "price": 0.38, "taker_side": "yes", "ticker": "KXINX-26FEB09H1600-B6987", "trade_id": "fcd4c967-a003-4029-90de-a93c7408b173", "yes_price": 38, "yes_price_dollars": "0.3800"}
{"count": 20, "count_fp": "20.00", "created_time": "2026-02-09T17:42:07.102107Z", "no_price": 60, "no_price_dollars": "0.6000", "price": 0.4, "taker_side": "no", "ticker": "KXINX-26FEB09H1600-B6987", "trade_id": "9dc8477d-3f01-5f14-f3b4-28f35317585d", "yes_price": 40, "yes_price_dollars": "0.4000"}
{"count": 15, "count_fp": "15.00", "created_time": "2026-02-09T17:36:50.461417Z", "no_price": 50, "no_price_dollars": "0.5000", "price": 0.5, "taker_side": "yes", "ticker": "KXINX-26FEB09H1600-B6987", "trade_id": "fdb2af61-8bcc-63ae-84e9-2c5ebec3c65f", "yes_price": 50, "yes_price_dollars": "0.5000"}
{"count": 181, "count_fp": "181.00", "created_time": "2026-02-09T17:36:50.461417Z", "no_price": 50, "no_price_dollars": "0.5000", "price": 0.5, "taker_side": "yes", "ticker": "KXINX-26FEB09H1600-B6987", "trade_id": "74fc2018-a839-6b29-b4ce-c5632ae720d6", "yes_price": 50, "yes_price_dollars": "0.5000"}
{"count": 20, "count_fp": "20.00", "created_time": "2026-02-09T17:27:02.675473Z", "no_price": 56, "no_price_dollars": "0.5600", "price": 0.44, "taker_side": "no", "ticker": "KXINX-26FEB09H1600-B6987", "trade_id": "111d3652-7930-743c-1c63-3f8d3b1fd4b3", "yes_price": 44, "yes_price_dollars": "0.4400"}
{"count": 176, "count_fp": "176.00", "created_time": "2026-02-09T17:23:33.709569Z", "no_price": 50, "no_price_dollars": "0.5000", "price": 0.5, "taker_side": "yes", "ticker": "KXINX-26FEB09H1600-B6987", "trade_id": "22351cc2-5005-7751-7019-3d6c43cef566", "yes_price": 50, "yes_price_dollars": "0.5000"}
{"count": 9, "count_fp": "9.00", "created_time": "2026-02-09T17:20:38.800488Z", "no_price": 49, "no_price_dollars": "0.4900", "price": 0.51, "taker_side": "yes", "ticker": "KXINX-26FEB09H1600-B6987", "trade_id": "8c4793fc-5c61-5d11-efac-d77c89634af6", "yes_price": 51, "yes_price_dollars": "0.5100"}
{"count": 1, "count_fp": "1.00", "created_time": "2026-02-09T17:18:33.54396Z", "no_price": 47, "no_price_dollars": "0.4700", "price": 0.53, "taker_side": "yes", "ticker": "KXINX-26FEB09H1600-B6987", "trade_id": "18554276-f469-4c59-6e7b-5e6424c6db0a", "yes_price": 53, "yes_price_dollars": "0.5300"}
{"count": 3, "count_fp": "3.00", "created_time": "2026-02-09T17:18:11.826393Z", "no_price": 47, "no_price_dollars": "0.4700", "price": 0.53, "taker_side": "yes", "ticker": "KXINX-26FEB09H1600-B6987", "trade_id": "8d45e2aa-d00e-5012-2c92-51af9e07174b", "yes_price": 53, "yes_price_dollars": "0.5300"}
{"count": 69, "count_fp": "69.00", "created_time": "2026-02-09T17:18:11.826393Z", "no_price": 47, "no_price_dollars": "0.4700", "price": 0.53, "taker_side": "yes", "ticker": "KXINX-26FEB09H1600-B6987", "trade_id": "51467024-71c1-55dd-17ca-5b5645cf90b6", "yes_price": 53, "yes_price_dollars": "0.5300"}
{"count": 47, "count_fp": "47.00", "created_time": "2026-02-09T17:17:52.314677Z", "no_price": 48, "no_price_dollars": "0.4800", "price": 0.52, "taker_side": "yes", "ticker": "KXINX-26FEB09H1600-B6987", "trade_id": "fc7524ff-9421-4a59-8d7d-f730600addee", "yes_price": 52, "yes_price_dollars": "0.5200"}
{"count": 35, "count_fp": "35.00", "created_time": "2026-02-09T17:17:12.733643Z", "no_price": 48, "no_price_dollars": "0.4800", "price": 0.52, "taker_side": "yes", "ticker": "KXINX-26FEB09H1600-B6987", "trade_id": "04cbd328-933d-6331-b827-b7ff53a3b7a2", "yes_price": 52, "yes_price_dollars": "0.5200"}
{"count": 7, "count_fp": "7.00", "created_time": "2026-02-09T17:12:12.056108Z", "no_price": 48, "no_price_dollars": "0.4800", "price": 0.52, "taker_side": "yes", "ticker": "KXINX-26FEB09H1600-B6987", "trade_id": "e08a67a3-1305-74cd-f62f-778597dcf8aa", "yes_price": 52, "yes_price_dollars": "0.5200"}
{"count": 9, "count_fp": "9.00", "created_time": "2026-02-09T17:11:25.140853Z", "no_price": 47, "no_price_dollars": "0.4700", "price": 0.53, "taker_side": "yes", "ticker": "KXINX-26FEB09H1600-B6987", "trade_id": "c7c48e58-f85e-788e-1c55-cb5dc6b633a7", "yes_price": 53, "yes_price_dollars": "0.5300"}
{"count": 49, "count_fp": "49.00", "created_time": "2026-02-09T17:10:56.710364Z", "no_price": 51, "no_price_dollars": "0.5100", "price": 0.49, "taker_side": "yes", "ticker": "KXINX-26FEB09H1600-B6987", "trade_id": "e9dd5bdb-dc55-6fe1-de3e-e5e3f666692a", "yes_price": 49, "yes_price_dollars": "0.4900"}
{"count": 37, "count_fp": "37.00", "created_time": "2026-02-09T17:07:11.0734Z", "no_price": 50, "no_price_dollars": "0.5000", "price": 0.5, "taker_side": "yes", "ticker": "KXINX-26FEB09H1600-B6987", "trade_id": "2311a349-f4a5-5fbd-0bb0-1650f66c001a", "yes_price": 50, "yes_price_dollars": "0.5000"}
{"count": 5, "count_fp": "5.00", "created_time": "2026-02-09T17:05:03.707905Z", "no_price": 48, "no_price_dollars": "0.4800", "price": 0.52, "taker_side": "yes", "ticker": "KXINX-26FEB09H1600-B6987", "trade_id": "a9d14ed3-70a5-45d9-51d6-674be56b1992", "yes_price": 52, "yes_price_dollars": "0.5200"}
{"count": 2, "count_fp": "2.00", "created_time": "2026-02-09T17:04:46.765465Z", "no_price": 48, "no_price_dollars": "0.4800", "price": 0.52, "taker_side": "yes", "ticker": "KXINX-26FEB09H1600-B6987", "trade_id": "09df7504-fae1-4f39-a514-c0f41ab0a59a", "yes_price": 52, "yes_price_dollars": "0.5200"}
{"count": 37, "count_fp": "37.00", "created_time": "2026-02-09T17:02:32.299943Z", "no_price": 48, "no_price_dollars": "0.4800", "price": 0.52, "taker_side": "yes", "ticker": "KXINX-26FEB09H1600-B6987", "trade_id": "933f6238-5b19-785d-353b-8f84da702122", "yes_price": 52, "yes_price_dollars": "0.5200"}
{"count": 39, "count_fp": "39.00", "created_time": "2026-02-09T17:00:06.395752Z", "no_price": 51, "no_price_dollars": "0.5100", "price": 0.49, "taker_side": "yes", "ticker": "KXINX-26FEB09H1600-B6987", "trade_id": "28f8ba2c-91e5-6b31-cfc7-5cf2af2b98a6", "yes_price": 49, "yes_price_dollars": "0.4900"}
{"count": 10, "count_fp": "10.00", "created_time": "2026-02-09T17:00:02.704112Z", "no_price": 53, "no_price_dollars": "0.5300", "price": 0.47, "taker_side": "no", "ticker": "KXINX-26FEB09H1600-B6987", "trade_id": "779cd085-3ad2-7acc-6b05-491c3535d808", "yes_price": 47, "yes_price_dollars": "0.4700"}
{"count": 15, "count_fp": "15.00", "created_time": "2026-02-09T17:00:02.704112Z", "no_price": 52, "no_price_dollars": "0.5200", "price": 0.48, "taker_side": "no", "ticker": "KXINX-26FEB09H1600-B6987", "trade_id": "23ec2d63-c03f-73e9-6d19-1a830560cf6b", "yes_price": 48, "yes_price_dollars": "0.4800"}
{"count": 50, "count_fp": "50.00", "created_time": "2026-02-09T16:59:50.80072Z", "no_price": 50, "no_price_dollars": "0.5000", "price": 0.5, "taker_side": "yes", "ticker": "KXINX-26FEB09H1600-B6987", "trade_id": "d7c24bc7-eb8d-59a9-feca-f67191d4b772", "yes_price": 50, "yes_price_dollars": "0.5000"}
{"count": 1, "count_fp": "1.00", "created_time": "2026-02-09T16:58:54.923109Z", "no_price": 48, "no_price_dollars": "0.4800", "price": 0.52, "taker_side": "yes", "ticker": "KXINX-26FEB09H1600-B6987", "trade_id": "fe4f33c1-2671-6659-6c67-2fe81c919292", "yes_price": 52, "yes_price_dollars": "0.5200"}
{"count": 13, "count_fp": "13.00", "created_time": "2026-02-09T16:58:36.19195Z", "no_price": 53, "no_price_dollars": "0.5300", "price": 0.47, "taker_side": "no", "ticker": "KXINX-26FEB09H1600-B6987", "trade_id": "469b944f-e724-79ad-d7e6-91b3e8bca14f", "yes_price": 47, "yes_price_dollars": "0.4700"}
{"count": 10, "count_fp": "10.00", "created_time": "2026-02-09T16:56:03.407173Z", "no_price": 51, "no_price_dollars": "0.5100", "price": 0.49, "taker_side": "yes", "ticker": "KXINX-26FEB09H1600-B6987", "trade_id": "5b24dd17-303f-555e-2503-3fb1b3e45f28", "yes_price": 49, "yes_price_dollars": "0.4900"}
{"count": 35, "count_fp": "35.00", "created_time": "2026-02-09T16:53:34.621228Z", "no_price": 56, "no_price_dollars": "0.5600", "price": 0.44, "taker_side": "no", "ticker": "KXINX-26FEB09H1600-B6987", "trade_id": "9a98b21e-0e20-68fe-acd0-518478c9ccb8", "yes_price": 44, "yes_price_dollars": "0.4400"}
{"count": 153, "count_fp": "153.00", "created_time": "2026-02-09T16:52:50.199334Z", "no_price": 52, "no_price_dollars": "0.5200", "price": 0.48, "taker_side": "yes", "ticker": "KXINX-26FEB09H1600-B6987", "trade_id": "4ab6b21f-0cb1-4485-c697-b0e9552c21e2", "yes_price": 48, "yes_price_dollars": "0.4800"}
{"count": 10, "count_fp": "10.00", "created_time": "2026-02-09T16:51:33.065188Z", "no_price": 53, "no_price_dollars": "0.5300", "price": 0.47, "taker_side": "yes", "ticker": "KXINX-26FEB09H1600-B6987", "trade_id": "f2c39d15-3735-64ed-e3b2-ec0e2778dab6", "yes_price": 47, "yes_price_dollars": "0.4700"}
{"count": 20, "count_fp": "20.00", "created_time": "2026-02-09T16:47:53.2225Z", "no_price": 54, "no_price_dollars": "0.5400", "price": 0.46, "taker_side": "yes", "ticker": "KXINX-26FEB09H1600-B6987", "trade_id": "d721d4d4-5e65-4a95-6144-e7472f74a47e", "yes_price": 46, "yes_price_dollars": "0.4600"}
{"count": 20, "count_fp": "20.00", "created_time": "2026-02-09T16:46:23.607284Z", "no_price": 53, "no_price_dollars": "0.5300", "price": 0.47, "taker_side": "yes", "ticker": "KXINX-26FEB09H1600-B6987", "trade_id": "a8a090b3-f971-6dd9-c35d-abb5968cb07e", "yes_price": 47, "yes_price_dollars": "0.4700"}
{"count": 15, "count_fp": "15.00", "created_time": "2026-02-09T16:45:49.867235Z", "no_price": 54, "no_price_dollars": "0.5400", "price": 0.46, "taker_side": "yes", "ticker": "KXINX-26FEB09H1600-B6987", "trade_id": "a6991da3-ad75-70f1-e699-18aa70786f56", "yes_price": 46, "yes_price_dollars": "0.4600"}
{"count": 15, "count_fp": "15.00", "created_time": "2026-02-09T16:45:49.867235Z", "no_price": 54, "no_price_dollars": "0.5400", "price": 0.46, "taker_side": "yes", "ticker": "KXINX-26FEB09H1600-B6987", "trade_id": "6a5d8dc0-243a-768e-c308-da17aeb43ddc", "yes_price": 46, "yes_price_dollars": "0.4600"}
{"count": 12, "count_fp": "12.00", "created_time": "2026-02-09T16:45:49.867235Z", "no_price": 55, "no_price_dollars": "0.5500", "price": 0.45, "taker_side": "yes", "ticker": "KXINX-26FEB09H1600-B6987", "trade_id": "1b8ab728-b2b3-7e49-f86c-960319e69ff5", "yes_price": 45, "yes_price_dollars": "0.4500"}
{"count": 64, "count_fp": "64.00", "created_time": "2026-02-09T16:45:10.973066Z", "no_price": 60, "no_price_dollars": "0.6000", "price": 0.4, "taker_side": "yes", "ticker": "KXINX-26FEB09H1600-B6987", "trade_id": "1f6005a2-fb4b-5564-69b0-542cfc9d97a2", "yes_price": 40, "yes_price_dollars": "0.4000"}
{"count": 24, "count_fp": "24.00", "created_time": "2026-02-09T16:44:25.71684Z", "no_price": 60, "no_price_dollars": "0.6000", "price": 0.4, "taker_side": "yes", "ticker": "KXINX-26FEB09H1600-B6987", "trade_id": "d4c6ad79-14ab-51ac-3e20-87bad8babb86", "yes_price": 40, "yes_price_dollars": "0.4000"}
{"count": 27, "count_fp": "27.00", "created_time": "2026-02-09T16:40:46.376849Z", "no_price": 64, "no_price_dollars": "0.6400", "price": 0.36, "taker_side": "yes", "ticker": "KXINX-26FEB09H1600-B6987", "trade_id": "c10eb148-bd4b-60b7-b854-dc858cfc7291", "yes_price": 36, "yes_price_dollars": "0.3600"}
{"count": 5, "count_fp": "5.00", "created_time": "2026-02-09T16:40:02.518429Z", "no_price": 66, "no_price_dollars": "0.6600", "price": 0.34, "taker_side": "yes", "ticker": "KXINX-26FEB09H1600-B6987", "trade_id": "aa8b05e7-ae7a-4a43-8584-5d0545beaa16", "yes_price": 34, "yes_price_dollars": "0.3400"}
{"count": 8, "count_fp": "8.00", "created_time": "2026-02-09T16:33:18.858357Z", "no_price": 64, "no_price_dollars": "0.6400", "price": 0.36, "taker_side": "yes", "ticker": "KXINX-26FEB09H1600-B6987", "trade_id": "fd7b0c4c-56ed-48e9-2767-9b481911e2d2", "yes_price": 36, "yes_price_dollars": "0.3600"}
{"count": 15, "count_fp": "15.00", "created_time": "2026-02-09T16:32:18.677553Z", "no_price": 62, "no_price_dollars": "0.6200", "price": 0.38, "taker_side": "yes", "ticker": "KXINX-26FEB09H1600-B6987", "trade_id": "dd79b93a-0b2d-4fd5-2fac-10c593286da6", "yes_price": 38, "yes_price_dollars": "0.3800"}
{"count": 100, "count_fp": "100.00", "created_time": "2026-02-09T16:31:05.225841Z", "no_price": 64, "no_price_dollars": "0.6400", "price": 0.36, "taker_side": "yes", "ticker": "KXINX-26FEB09H1600-B6987", "trade_id": "0557d0b0-37a1-7a85-0ac1-683e6a056022", "yes_price": 36, "yes_price_dollars": "0.3600"}
{"count": 43, "count_fp": "43.00", "created_time": "2026-02-09T16:25:57.853656Z", "no_price": 69, "no_price_dollars": "0.6900", "price": 0.31, "taker_side": "no", "ticker": "KXINX-26FEB09H1600-B6987", "trade_id": "021e6d05-f943-7441-4a41-0a2627e2e560", "yes_price": 31, "yes_price_dollars": "0.3100"}
{"count": 28, "count_fp": "28.00", "created_time": "2026-02-09T16:25:05.410941Z", "no_price": 66, "no_price_dollars": "0.6600", "price": 0.34, "taker_side": "yes", "ticker": "KXINX-26FEB09H1600-B6987", "trade_id": "b6f80867-874d-4371-c44a-1b9b8adde0d6", "yes_price": 34, "yes_price_dollars": "0.3400"}
{"count": 51, "count_fp": "51.00", "created_time": "2026-02-09T16:20:51.979329Z", "no_price": 71, "no_price_dollars": "0.7100", "price": 0.29, "taker_side": "yes", "ticker": "KXINX-26FEB09H1600-B6987", "trade_id": "841a39aa-84bd-658a-28ff-aabf4339f059", "yes_price": 29, "yes_price_dollars": "0.2900"}
{"count": 97, "count_fp": "97.00", "created_time": "2026-02-09T16:20:51.979329Z", "no_price": 70, "no_price_dollars": "0.7000", "price": 0.3, "taker_side": "yes", "ticker": "KXINX-26FEB09H1600-B6987", "trade_id": "55b3122d-3fe9-6999-15de-13786fc3777e", "yes_price": 30, "yes_price_dollars": "0.3000"}
{"count": 27, "count_fp": "27.00", "created_time": "2026-02-09T16:19:34.832177Z", "no_price": 71, "no_price_dollars": "0.7100", "price": 0.29, "taker_side": "no", "ticker": "KXINX-26FEB09H1600-B6987", "trade_id": "b8f8b8af-b789-72e1-62bc-acb0cb3a127f", "yes_price": 29, "yes_price_dollars": "0.2900"}
{"count": 15, "count_fp": "15.00", "created_time": "2026-02-09T16:18:46.543824Z", "no_price": 69, "no_price_dollars": "0.6900", "price": 0.31, "taker_side": "yes", "ticker": "KXINX-26FEB09H1600-B6987", "trade_id": "e01631e1-5036-7200-4f4c-6605384a18a1", "yes_price": 31, "yes_price_dollars": "0.3100"}
{"count": 12, "count_fp": "12.00", "created_time": "2026-02-09T16:18:46.543824Z", "no_price": 67, "no_price_dollars": "0.6700", "price": 0.33, "taker_side": "yes", "ticker": "KXINX-26FEB09H1600-B6987", "trade_id": "69b5dffe-1a45-79d5-5667-40d6ec8edaaf", "yes_price": 33, "yes_price_dollars": "0.3300"}
{"count": 8, "count_fp": "8.00", "created_time": "2026-02-09T16:16:26.280935Z", "no_price": 70, "no_price_dollars": "0.7000", "price": 0.3, "taker_side": "no", "ticker": "KXINX-26FEB09H1600-B6987", "trade_id": "2839c44a-cd91-7f08-5f3c-fa56b08d28f4", "yes_price": 30, "yes_price_dollars": "0.3000"}
{"count": 16, "count_fp": "16.00", "created_time": "2026-02-09T16:14:47.896348Z", "no_price": 70, "no_price_dollars": "0.7000", "price": 0.3, "taker_side": "yes", "ticker": "KXINX-26FEB09H1600-B6987", "trade_id": "bd8cfb59-6db9-4589-b13a-f06694598b1a", "yes_price": 30, "yes_price_dollars": "0.3000"}
{"count": 50, "count_fp": "50.00", "created_time": "2026-02-09T16:06:13.116394Z", "no_price": 71, "no_price_dollars": "0.7100", "price": 0.29, "taker_side": "no", "ticker": "KXINX-26FEB09H1600-B6987", "trade_id": "5930ed37-9785-7bb2-716b-79a98a4bb29c", "yes_price": 29, "yes_price_dollars": "0.2900"}
{"count": 20, "count_fp": "20.00", "created_time": "2026-02-09T16:06:12.468114Z", "no_price": 70, "no_price_dollars": "0.7000", "price": 0.3, "taker_side": "no", "ticker": "KXINX-26FEB09H1600-B6987", "trade_id": "32ba754d-24f6-7ac9-7924-fb9f35c02a17", "yes_price": 30, "yes_price_dollars": "0.3000"}
{"count": 41, "count_fp": "41.00", "created_time": "2026-02-09T16:05:48.666357Z", "no_price": 67, "no_price_dollars": "0.6700", "price": 0.33, "taker_side": "yes", "ticker": "KXINX-26FEB09H1600-B6987", "trade_id": "0848585f-5ee1-5bf5-240a-b0a429e79b06", "yes_price": 33, "yes_price_dollars": "0.3300"}
{"count": 21, "count_fp": "21.00", "created_time": "2026-02-09T16:05:17.186841Z", "no_price": 67, "no_price_dollars": "0.6700", "price": 0.33, "taker_side": "no", "ticker": "KXINX-26FEB09H1600-B6987", "trade_id": "7cf92004-be7a-7e70-68e2-1af434f85bc5", "yes_price": 33, "yes_price_dollars": "0.3300"}
{"count": 57, "count_fp": "57.00", "created_time": "2026-02-09T16:03:54.343698Z", "no_price": 67, "no_price_dollars": "0.6700", "price": 0.33, "taker_side": "yes", "ticker": "KXINX-26FEB09H1600-B6987", "trade_id": "1c47ae76-29e9-7df1-fe1b-019eed628e56", "yes_price": 33, "yes_price_dollars": "0.3300"}
{"count": 50, "count_fp": "50.00", "created_time": "2026-02-09T15:56:14.000648Z", "no_price": 77, "no_price_dollars": "0.7700", "price": 0.23, "taker_side": "yes", "ticker": "KXINX-26FEB09H1600-B6987", "trade_id": "94361f2f-3486-543e-4532-aaaf853ba754", "yes_price": 23, "yes_price_dollars": "0.2300"}
{"count": 19, "count_fp": "19.00", "created_time": "2026-02-09T15:52:11.202619Z", "no_price": 75, "no_price_dollars": "0.7500", "price": 0.25, "taker_side": "yes", "ticker": "KXINX-26FEB09H1600-B6987", "trade_id": "b27e41f9-6bdd-62d5-4674-f3d193f80312", "yes_price": 25, "yes_price_dollars": "0.2500"}
{"count": 3, "count_fp": "3.00", "created_time": "2026-02-09T15:45:16.059346Z", "no_price": 80, "no_price_dollars": "0.8000", "price": 0.2, "taker_side": "yes", "ticker": "KXINX-26FEB09H1600-B6987", "trade_id": "bc3dfd83-db0c-6c76-4c10-7060ce2c987f", "yes_price": 20, "yes_price_dollars": "0.2000"}
{"count": 18, "count_fp": "18.00", "created_time": "2026-02-09T15:45:16.059346Z", "no_price": 78, "no_price_dollars": "0.7800", "price": 0.22, "taker_side": "yes", "ticker": "KXINX-26FEB09H1600-B6987", "trade_id": "3221fb1c-34b8-6794-4b26-5be7eddcc308", "yes_price": 22, "yes_price_dollars": "0.2200"}
{"count": 100, "count_fp": "100.00", "created_time": "2026-02-09T15:39:15.555547Z", "no_price": 77, "no_price_dollars": "0.7700", "price": 0.23, "taker_side": "yes", "ticker": "KXINX-26FEB09H1600-B6987", "trade_id": "852a90df-25c9-7711-66d4-784d074bb846", "yes_price": 23, "yes_price_dollars": "0.2300"}
{"count": 75, "count_fp": "75.00", "created_time": "2026-02-09T15:36:53.778713Z", "no_price": 77, "no_price_dollars": "0.7700", "price": 0.23, "taker_side": "yes", "ticker": "KXINX-26FEB09H1600-B6987", "trade_id": "fe647ea6-eab9-5061-200c-3903f5e76bde", "yes_price": 23, "yes_price_dollars": "0.2300"}
{"count": 400, "count_fp": "400.00", "created_time": "2026-02-09T15:20:04.447466Z", "no_price": 88, "no_price_dollars": "0.8800", "price": 0.12, "taker_side": "yes", "ticker": "KXINX-26FEB09H1600-B6987", "trade_id": "389bc407-f490-5017-69d3-f1f44a9e39b6", "yes_price": 12, "yes_price_dollars": "0.1200"}
{"count": 20, "count_fp": "20.00", "created_time": "2026-02-09T15:16:58.438026Z", "no_price": 90, "no_price_dollars": "0.9000", "price": 0.1, "taker_side": "yes", "ticker": "KXINX-26FEB09H1600-B6987", "trade_id": "95b002a6-2798-5db5-42df-b4a6c6fb3115", "yes_price": 10, "yes_price_dollars": "0.1000"}
{"count": 18, "count_fp": "18.00", "created_time": "2026-02-09T15:16:58.438026Z", "no_price": 90, "no_price_dollars": "0.9000", "price": 0.1, "taker_side": "yes", "ticker": "KXINX-26FEB09H1600-B6987", "trade_id": "194d9a63-7101-5f68-76be-ef8983d1bd27", "yes_price": 10, "yes_price_dollars": "0.1000"}
{"count": 30, "count_fp": "30.00", "created_time": "2026-02-09T14:38:22.616998Z", "no_price": 93, "no_price_dollars": "0.9300", "price": 0.07, "taker_side": "yes", "ticker": "KXINX-26FEB09H1600-B6987", "trade_id": "78cd040e-7fe6-73a8-2a03-ba8d1786ae85", "yes_price": 7, "yes_price_dollars": "0.0700"}
{"count": 21, "count_fp": "21.00", "created_time": "2026-02-09T14:16:48.228586Z", "no_price": 91, "no_price_dollars": "0.9100", "price": 0.09, "taker_side": "yes", "ticker": "KXINX-26FEB09H1600-B6987", "trade_id": "8ebf776c-c8ad-6781-ad3e-448859fed7a6", "yes_price": 9, "yes_price_dollars": "0.0900"}
{"count": 149, "count_fp": "149.00", "created_time": "2026-02-09T13:16:31.377322Z", "no_price": 87, "no_price_dollars": "0.8700", "price": 0.13, "taker_side": "yes", "ticker": "KXINX-26FEB09H1600-B6987", "trade_id": "297f2896-6e71-6519-fe6d-aeecc4961d8a", "yes_price": 13, "yes_price_dollars": "0.1300"}
{"count": 2, "count_fp": "2.00", "created_time": "2026-02-09T13:07:28.749704Z", "no_price": 86, "no_price_dollars": "0.8600", "price": 0.14, "taker_side": "yes", "ticker": "KXINX-26FEB09H1600-B6987", "trade_id": "32d34826-019d-6c3d-14be-bb6760eb9f3a", "yes_price": 14, "yes_price_dollars": "0.1400"}
{"count": 14, "count_fp": "14.00", "created_time": "2026-02-09T11:10:26.81755Z", "no_price": 67, "no_price_dollars": "0.6700", "price": 0.33, "taker_side": "yes", "ticker": "KXINX-26FEB09H1600-B6987", "trade_id": "d4c1bf21-b518-4ed5-0376-dd26f725a812", "yes_price": 33, "yes_price_dollars": "0.3300"}
{"count": 60, "count_fp": "60.00", "created_time": "2026-02-09T08:42:29.814711Z", "no_price": 67, "no_price_dollars": "0.6700", "price": 0.33, "taker_side": "yes", "ticker": "KXINX-26FEB09H1600-B6987", "trade_id": "794c8b33-fe38-5c91-b6e8-482673764c66", "yes_price": 33, "yes_price_dollars": "0.3300"}
{"count": 8, "count_fp": "8.00", "created_time": "2026-02-09T05:45:11.749358Z", "no_price": 66, "no_price_dollars": "0.6600", "price": 0.34, "taker_side": "yes", "ticker": "KXINX-26FEB09H1600-B6987", "trade_id": "f7aae628-ab3d-44a9-610e-7c5d3daf68f4", "yes_price": 34, "yes_price_dollars": "0.3400"}
{"count": 3, "count_fp": "3.00", "created_time": "2026-02-09T05:14:37.256953Z", "no_price": 98, "no_price_dollars": "0.9800", "price": 0.02, "taker_side": "no", "ticker": "KXINX-26FEB09H1600-B6987", "trade_id": "0c2c3868-c1aa-79b9-6019-d5f8f82ed7e3", "yes_price": 2, "yes_price_dollars": "0.0200"}
{"count": 28, "count_fp": "28.00", "created_time": "2026-02-09T04:58:48.082539Z", "no_price": 66, "no_price_dollars": "0.6600", "price": 0.34, "taker_side": "yes", "ticker": "KXINX-26FEB09H1600-B6987", "trade_id": "4cbf0f7c-f3f5-6619-6a5a-ba934c363724", "yes_price": 34, "yes_price_dollars": "0.3400"}
{"count": 28, "count_fp": "28.00", "created_time": "2026-02-09T04:35:23.549441Z", "no_price": 66, "no_price_dollars": "0.6600", "price": 0.34, "taker_side": "yes", "ticker": "KXINX-26FEB09H1600-B6987", "trade_id": "ff761f9c-9b19-5fc1-1ce5-fa82367ba9f0", "yes_price": 34, "yes_price_dollars": "0.3400"}
{"count": 1, "count_fp": "1.00", "created_time": "2026-02-09T03:50:49.9321Z", "no_price": 60, "no_price_dollars": "0.6000", "price": 0.4, "taker_side": "yes", "ticker": "KXINX-26FEB09H1600-B6987", "trade_id": "445d5f5c-45bb-45e8-1411-73fff7266abe", "yes_price": 40, "yes_price_dollars": "0.4000"}
{"count": 12, "count_fp": "12.00", "created_time": "2026-02-09T03:50:33.782247Z", "no_price": 63, "no_price_dollars": "0.6300", "price": 0.37, "taker_side": "yes", "ticker": "KXINX-26FEB09H1600-B6987", "trade_id": "b95ee33f-eb82-4bfa-98f2-ab2ae28de1d6", "yes_price": 37, "yes_price_dollars": "0.3700"}
{"count": 1, "count_fp": "1.00", "created_time": "2026-02-09T03:50:33.782247Z", "no_price": 60, "no_price_dollars": "0.6000", "price": 0.4, "taker_side": "yes", "ticker": "KXINX-26FEB09H1600-B6987", "trade_id": "607046db-9aab-4c24-b8a4-1567cb0cef72", "yes_price": 40, "yes_price_dollars": "0.4000"}
{"count": 12, "count_fp": "12.00", "created_time": "2026-02-09T03:50:33.782247Z", "no_price": 69, "no_price_dollars": "0.6900", "price": 0.31, "taker_side": "yes", "ticker": "KXINX-26FEB09H1600-B6987", "trade_id": "551699c5-e5f4-4fbe-bc58-807118a734f0", "yes_price": 31, "yes_price_dollars": "0.3100"}
{"count": 131, "count_fp": "131.00", "created_time": "2026-02-09T03:50:33.782247Z", "no_price": 71, "no_price_dollars": "0.7100", "price": 0.29, "taker_side": "yes", "ticker": "KXINX-26FEB09H1600-B6987", "trade_id": "157a7dd8-1e92-4e82-94c0-d694aa285e6b", "yes_price": 29, "yes_price_dollars": "0.2900"}
{"count": 3, "count_fp": "3.00", "created_time": "2026-02-09T03:07:14.170697Z", "no_price": 71, "no_price_dollars": "0.7100", "price": 0.29, "taker_side": "yes", "ticker": "KXINX-26FEB09H1600-B6987", "trade_id": "7c8e00fd-f3d6-4b9e-a950-38e693edfec7", "yes_price": 29, "yes_price_dollars": "0.2900"}
{"count": 3, "count_fp": "3.00", "created_time": "2026-02-09T02:47:17.712872Z", "no_price": 71, "no_price_dollars": "0.7100", "price": 0.29, "taker_side": "yes", "ticker": "KXINX-26FEB09H1600-B6987", "trade_id": "bc8b6a8a-9bd2-6f5a-779a-3491046e67ab", "yes_price": 29, "yes_price_dollars": "0.2900"}
{"count": 6, "count_fp": "6.00", "created_time": "2026-02-09T02:18:34.005908Z", "no_price": 71, "no_price_dollars": "0.7100", "price": 0.29, "taker_side": "yes", "ticker": "KXINX-26FEB09H1600-B6987", "trade_id": "40eba5f7-ec6e-6d12-4cbd-1cf5168e397b", "yes_price": 29, "yes_price_dollars": "0.2900"}
{"count": 255, "count_fp": "255.00", "created_time": "2026-02-09T01:48:05.15014Z", "no_price": 81, "no_price_dollars": "0.8100", "price": 0.19, "taker_side": "yes", "ticker": "KXINX-26FEB09H1600-B6987", "trade_id": "4267d1c6-a436-61a6-ab50-cc154dc976f7", "yes_price": 19, "yes_price_dollars": "0.1900"}
{"count": 51, "count_fp": "51.00", "created_time": "2026-02-09T01:18:53.941547Z", "no_price": 81, "no_price_dollars": "0.8100", "price": 0.19, "taker_side": "yes", "ticker": "KXINX-26FEB09H1600-B6987", "trade_id": "c85f82d0-e50e-6d1a-4d8f-71d700db181b", "yes_price": 19, "yes_price_dollars": "0.1900"}
{"count": 51, "count_fp": "51.00", "created_time": "2026-02-09T01:11:16.22539Z", "no_price": 81, "no_price_dollars": "0.8100", "price": 0.19, "taker_side": "yes", "ticker": "KXINX-26FEB09H1600-B6987", "trade_id": "3a3b7250-2f46-4a26-6e67-f9a70b3bf14b", "yes_price": 19, "yes_price_dollars": "0.1900"}
{"count": 23, "count_fp": "23.00", "created_time": "2026-02-09T00:26:35.380577Z", "no_price": 84, "no_price_dollars": "0.8400", "price": 0.16, "taker_side": "yes", "ticker": "KXINX-26FEB09H1600-B6987", "trade_id": "b87fa9bf-6017-5b2e-5aa5-7c82ff81e2c5", "yes_price": 16, "yes_price_dollars": "0.1600"}
