{"count": 7, "count_fp": "7.00", "created_time": "2026-02-15T22:13:33.588043Z", "no_price": 38, "no_price_dollars": "0.3800", "price": 0.62, "taker_side": "no", "ticker": "KXINXPOS-26DEC31H1900-T6845.5", "trade_id": "0ad28992-5247-7c57-3cd4-23a56560cf2e", "yes_price": 62, "yes_price_dollars": "0.6200"}
{"count": 7, "count_fp": "7.00", "created_time": "2026-02-15T22:11:09.054924Z", "no_price": 36, "no_price_dollars": "0.3600", "price": 0.64, "taker_side": "yes", "ticker": "KXINXPOS-26DEC31H1900-T6845.5", "trade_id": "90cd4ebe-622e-6bdc-623d-9d3adc30dcb6", "yes_price": 64, "yes_price_dollars": "0.6400"}
{"count": 25, "count_fp": "25.00", "created_time": "2026-02-15T21:22:46.562216Z", "no_price": 36, "no_price_dollars": "0.3600", "price": 0.64, "taker_side": "yes", "ticker": "KXINXPOS-26DEC31H1900-T6845.5", "trade_id": "716537b7-3556-7a40-5311-d309fd0463ee", "yes_price": 64, "yes_price_dollars": "0.6400"}
{"count": 15, "count_fp": "15.00", "created_time": "2026-02-15T21:15:38.945801Z", "no_price": 36, "no_price_dollars": "0.3600", "price": 0.64, "taker_side": "yes", "ticker": "KXINXPOS-26DEC31H1900-T6845.5", "trade_id": "b3ffb634-e266-6860-6839-241afad5b47a", "yes_price": 64, "yes_price_dollars": "0.6400"}
{"count": 1, "count_fp": "1.00", "created_time": "2026-02-15T20:44:31.406706Z", "no_price": 36, "no_price_dollars": "0.3600", "price": 0.64, "taker_side": "yes", "ticker": "KXINXPOS-26DEC31H1900-T6845.5", "trade_id": "1772424c-988a-7374-0b8b-1935f9c6b7da", "yes_price": 64, "yes_price_dollars": "0.6400"}
{"count": 22, "count_fp": "22.00", "created_time": "2026-02-15T20:36:00.858018Z", "no_price": 36, "no_price_dollars": "0.3600", "price": 0.64, "taker_side": "yes", "ticker": "KXINXPOS-26DEC31H1900-T6845.5", "trade_id": "8dbd02dc-d08a-54c0-c4c4-87aba19907c6", "yes_price": 64, "yes_price_dollars": "0.6400"}
{"count": 55, "count_fp": "55.00", "created_time": "2026-02-15T20:36:00.858018Z", "no_price": 36, "no_price_dollars": "0.3600", "price": 0.64, "taker_side": "yes", "ticker": "KXINXPOS-26DEC31H1900-T6845.5", "trade_id": "1444de1e-aa36-5ee5-ea17-ee066a79f1b8", "yes_price": 64, "yes_price_dollars": "0.6400"}
{"count": 8, "count_fp": "8.00", "created_time": "2026-02-15T20:21:23.330198Z", "no_price": 36, "no_price_dollars": "0.3600", "price": 0.64, "taker_side": "yes", "ticker": "KXINXPOS-26DEC31H1900-T6845.5", "trade_id": "ec77aa71-cb75-7f56-ad36-0fbb9962e227", "yes_price": 64, "yes_price_dollars": "0.6400"}
{"count": 4, "count_fp": "4.00", "created_time": "2026-02-15T20:21:23.330198Z", "no_price": 36, "no_price_dollars": "0.3600", "price": 0.64, "taker_side": "yes", "ticker": "KXINXPOS-26DEC31H1900-T6845.5", "trade_id": "3077a9c6-632e-7719-abb4-d709ac63397c", "yes_price": 64, "yes_price_dollars": "0.6400"}
{"count": 243, "count_fp": "243.00", "created_time": "2026-02-15T20:05:13.587065Z", "no_price": 39, "no_price_dollars": "0.3900", "price": 0.61, "taker_side": "no", "ticker": "KXINXPOS-26DEC31H1900-T6845.5", "trade_id": "75b5f276-dd03-7049-acb5-b25a651c34b1", "yes_price": 61, "yes_price_dollars": "0.6100"}
{"count": 29, "count_fp": "29.00", "created_time": "2026-02-15T20:05:05.209006Z", "no_price": 38, "no_price_dollars": "0.3800", "price": 0.62, "taker_side": "no", "ticker": "KXINXPOS-26DEC31H1900-T6845.5", "trade_id": "d852e9c4-1f52-7eb2-be04-1d419035034f", "yes_price": 62, "yes_price_dollars": "0.6200"}
{"count": 3, "count_fp": "3.00", "created_time": "2026-02-15T20:05:05.209006Z", "no_price": 38, "no_price_dollars": "0.3800", "price": 0.62, "taker_side": "no", "ticker": "KXINXPOS-26DEC31H1900-T6845.5", "trade_id": "68780297-04ad-761d-9c00-5738d75f032c", "yes_price": 62, "yes_price_dollars": "0.6200"}
{"count": 2, "count_fp": "2.00", "created_time": "2026-02-15T20:05:05.209006Z", "no_price": 38, "no_price_dollars": "0.3800", "price": 0.62, "taker_side": "no", "ticker": "KXINXPOS-26DEC31H1900-T6845.5", "trade_id": "2d117162-340c-7494-86c0-db5a09983b0c", "yes_price": 62, "yes_price_dollars": "0.6200"}
{"count": 183, "count_fp": "183.00", "created_time": "2026-02-15T20:04:32.240471Z", "no_price": 38, "no_price_dollars": "0.3800", "price": 0.62, "taker_side": "no", "ticker": "KXINXPOS-26DEC31H1900-T6845.5", "trade_id": "f8062d54-9b9f-5c7b-214b-5dab4f291ce4", "yes_price": 62, "yes_price_dollars": "0.6200"}
{"count": 42, "count_fp": "42.00", "created_time": "2026-02-15T20:04:32.240471Z", "no_price": 38, "no_price_dollars": "0.3800", "price": 0.62, "taker_side": "no", "ticker": "KXINXPOS-26DEC31H1900-T6845.5", "trade_id": "a24cf259-ab12-5287-2fa0-8748b46443f7", "yes_price": 62, "yes_price_dollars": "0.6200"}
{"count": 25, "count_fp": "25.00", "created_time": "2026-02-15T20:04:32.240471Z", "no_price": 38, "no_price_dollars": "0.3800", "price": 0.62, "taker_side": "no", "ticker": "KXINXPOS-26DEC31H1900-T6845.5", "trade_id": "05692f16-3e18-5dd8-2546-f8cdf78fed80", "yes_price": 62, "yes_price_dollars": "0.6200"}
{"count": 3, "count_fp": "3.00", "created_time": "2026-02-15T18:56:04.345242Z", "no_price": 36, "no_price_dollars": "0.3600", "price": 0.64, "taker_side": "yes", "ticker": "KXINXPOS-26DEC31H1900-T6845.5", "trade_id": "d8a4efcb-01e1-4d8e-84c7-aae56b3c1893", "yes_price": 64, "yes_price_dollars": "0.6400"}
{"count": 12, "count_fp": "12.00", "created_time": "2026-02-15T18:49:23.169802Z", "no_price": 38, "no_price_dollars": "0.3800", "price": 0.62, "taker_side": "no", "ticker": "KXINXPOS-26DEC31H1900-T6845.5", "trade_id": "0c62bc0c-3b5b-4cd3-1194-e46a5cc67930", "yes_price": 62, "yes_price_dollars": "0.6200"}
{"count": 70, "count_fp": "70.00", "created_time": "2026-02-15T18:14:20.199523Z", "no_price": 36, "no_price_dollars": "0.3600", "price": 0.64, "taker_side": "yes", "ticker": "KXINXPOS-26DEC31H1900-T6845.5", "trade_id": "a6655acd-3127-5a22-dd3a-8bb28806ef8d", "yes_price": 64, "yes_price_dollars": "0.6400"}
{"count": 1, "count_fp": "1.00", "created_time": "2026-02-15T18:07:12.623647Z", "no_price": 36, "no_price_dollars": "0.3600", "price": 0.64, "taker_side": "yes", "ticker": "KXINXPOS-26DEC31H1900-T6845.5", "trade_id": "0d9ae58d-d757-75ce-5ed9-8235c6806859", "yes_price": 64, "yes_price_dollars": "0.6400"}
{"count": 30, "count_fp": "30.00", "created_time": "2026-02-15T17:36:23.556014Z", "no_price": 38, "no_price_dollars": "0.3800", "price": 0.62, "taker_side": "no", "ticker": "KXINXPOS-26DEC31H1900-T6845.5", "trade_id": "6db1ae28-9fbf-7243-26f5-dc04e71578e8", "yes_price": 62, "yes_price_dollars": "0.6200"}
{"count": 375, "count_fp": "375.00", "created_time": "2026-02-15T17:09:34.283485Z", "no_price": 38, "no_price_dollars": "0.3800", "price": 0.62, "taker_side": "no", "ticker": "KXINXPOS-26DEC31H1900-T6845.5", "trade_id": "37eb9004-1db3-4fff-03fa-b7151d3c64b8", "yes_price": 62, "yes_price_dollars": "0.6200"}
{"count": 100, "count_fp": "100.00", "created_time": "2026-02-15T16:06:55.78667Z", "no_price": 35, "no_price_dollars": "0.3500", "price": 0.65, "taker_side": "yes", "ticker": "KXINXPOS-26DEC31H1900-T6845.5", "trade_id": "59353c56-c688-5301-4dd2-fdac292a973c", "yes_price": 65, "yes_price_dollars": "0.6500"}
{"count": 15, "count_fp": "15.00", "created_time": "2026-02-15T15:51:11.608947Z", "no_price": 35, "no_price_dollars": "0.3500", "price": 0.65, "taker_side": "yes", "ticker": "KXINXPOS-26DEC31H1900-T6845.5", "trade_id": "b55c0625-4b60-7701-51b6-d0ccbc32c838", "yes_price": 65, "yes_price_dollars": "0.6500"}
{"count": 2, "count_fp": "2.00", "created_time": "2026-02-15T14:34:47.63584Z", "no_price": 39, "no_price_dollars": "0.3900", "price": 0.61, "taker_side": "no", "ticker": "KXINXPOS-26DEC31H1900-T6845.5", "trade_id": "621c4fbb-88e3-5e31-87b0-a8766b738929", "yes_price": 61, "yes_price_dollars": "0.6100"}
{"count": 27, "count_fp": "27.00", "created_time": "2026-02-15T14:24:50.727877Z", "no_price": 35, "no_price_dollars": "0.3500", "price": 0.65, "taker_side": "yes", "ticker": "KXINXPOS-26DEC31H1900-T6845.5", "trade_id": "bf71f483-4898-7445-1b18-1493edf75d64", "yes_price": 65, "yes_price_dollars": "0.6500"}
{"count": 123, "count_fp": "123.00", "created_time": "2026-02-15T14:14:46.010286Z", "no_price": 35, "no_price_dollars": "0.3500", "price": 0.65, "taker_side": "yes", "ticker": "KXINXPOS-26DEC31H1900-T6845.5", "trade_id": "dfee7a70-5444-7c05-de5d-2dd89740ba10", "yes_price": 65, "yes_price_dollars": "0.6500"}
{"count": 61, "count_fp": "61.00", "created_time": "2026-02-15T14:14:46.010286Z", "no_price": 35, "no_price_dollars": "0.3500", "price": 0.65, "taker_side": "yes", "ticker": "KXINXPOS-26DEC31H1900-T6845.5", "trade_id": "c2318da0-a84e-7e4a-db0f-679f18f8fc31", "yes_price": 65, "yes_price_dollars": "0.6500"}
{"count": 74, "count_fp": "74.00", "created_time": "2026-02-15T14:14:46.010286Z", "no_price": 36, "no_price_dollars": "0.3600", "price": 0.64, "taker_side": "yes", "ticker": "KXINXPOS-26DEC31H1900-T6845.5", "trade_id": "be5e4b41-ea13-71ed-cd74-1c6d79e030cf", "yes_price": 64, "yes_price_dollars": "0.6400"}
{"count": 243, "count_fp": "243.00", "created_time": "2026-02-15T13:21:17.08728Z", "no_price": 39, "no_price_dollars": "0.3900", "price": 0.61, "taker_side": "no", "ticker": "KXINXPOS-26DEC31H1900-T6845.5", "trade_id": "29d09bdb-036b-6ed5-845f-385b70ffe065", "yes_price": 61, "yes_price_dollars": "0.6100"}
{"count": 1, "count_fp": "1.00", "created_time": "2026-02-15T11:22:07.54584Z", "no_price": 36, "no_price_dollars": "0.3600", "price": 0.64, "taker_side": "yes", "ticker": "KXINXPOS-26DEC31H1900-T6845.5", "trade_id": "446057bb-87cf-56c9-fbff-81603219d5d3", "yes_price": 64, "yes_price_dollars": "0.6400"}
{"count": 9, "count_fp": "9.00", "created_time": "2026-02-15T11:16:55.655517Z", "no_price": 38, "no_price_dollars": "0.3800", "price": 0.62, "taker_side": "no", "ticker": "KXINXPOS-26DEC31H1900-T6845.5", "trade_id": "7ec3c291-046c-4eb3-faef-a84796ab4ecf", "yes_price": 62, "yes_price_dollars": "0.6200"}
{"count": 242, "count_fp": "242.00", "created_time": "2026-02-15T11:16:55.655517Z", "no_price": 39, "no_price_dollars": "0.3900", "price": 0.61, "taker_side": "no", "ticker": "KXINXPOS-26DEC31H1900-T6845.5", "trade_id": "0bd4f062-097f-4de9-d4c8-bf9e3031dbed", "yes_price": 61, "yes_price_dollars": "0.6100"}
{"count": 14, "count_fp": "14.00", "created_time": "2026-02-15T05:50:08.573477Z", "no_price": 35, "no_price_dollars": "0.3500", "price": 0.65, "taker_side": "yes", "ticker": "KXINXPOS-26DEC31H1900-T6845.5", "trade_id": "ab8aeea2-b322-77de-fbf0-f745ed7e3321", "yes_price": 65, "yes_price_dollars": "0.6500"}
{"count": 38, "count_fp": "38.00", "created_time": "2026-02-15T05:41:14.800301Z", "no_price": 37, "no_price_dollars": "0.3700", "price": 0.63, "taker_side": "no", "ticker": "KXINXPOS-26DEC31H1900-T6845.5", "trade_id": "eb81bea0-c90e-54ea-33a5-d0cdab0fc29e", "yes_price": 63, "yes_price_dollars": "0.6300"}
{"count": 3, "count_fp": "3.00", "created_time": "2026-02-15T05:41:14.800301Z", "no_price": 36, "no_price_dollars": "0.3600", "price": 0.64, "taker_side": "no", "ticker": "KXINXPOS-26DEC31H1900-T6845.5", "trade_id": "ddab86f0-f7d3-52f4-2055-81c3e7eed054", "yes_price": 64, "yes_price_dollars": "0.6400"}
{"count": 252, "count_fp": "252.00", "created_time": "2026-02-15T05:41:14.800301Z", "no_price": 37, "no_price_dollars": "0.3700", "price": 0.63, "taker_side": "no", "ticker": "KXINXPOS-26DEC31H1900-T6845.5", "trade_id": "dd6bd8bd-6068-5905-07f7-d277d5495028", "yes_price": 63, "yes_price_dollars": "0.6300"}
{"count": 147, "count_fp": "147.00", "created_time": "2026-02-15T05:41:14.800301Z", "no_price": 36, "no_price_dollars": "0.3600", "price": 0.64, "taker_side": "no", "ticker": "KXINXPOS-26DEC31H1900-T6845.5", "trade_id": "c9342894-e739-5a14-33a7-3398a0d4dfae", "yes_price": 64, "yes_price_dollars": "0.6400"}
{"count": 62, "count_fp": "62.00", "created_time": "2026-02-15T05:41:14.800301Z", "no_price": 37, "no_price_dollars": "0.3700", "price": 0.63, "taker_side": "no", "ticker": "KXINXPOS-26DEC31H1900-T6845.5", "trade_id": "c7e91afc-ce5f-57ee-3426-add78e7dbabd", "yes_price": 63, "yes_price_dollars": "0.6300"}
{"count": 70, "count_fp": "70.00", "created_time": "2026-02-15T05:41:14.800301Z", "no_price": 37, "no_price_dollars": "0.3700", "price": 0.63, "taker_side": "no", "ticker": "KXINXPOS-26DEC31H1900-T6845.5", "trade_id": "a65911d0-67a1-512d-3a36-889a06baedeb", "yes_price": 63, "yes_price_dollars": "0.6300"}
{"count": 962, "count_fp": "962.00", "created_time": "2026-02-15T05:41:14.800301Z", "no_price": 39, "no_price_dollars": "0.3900", "price": 0.61, "taker_side": "no", "ticker": "KXINXPOS-26DEC31H1900-T6845.5", "trade_id": "96cf1a76-31f9-5d17-2cb0-d89f2eab4929", "yes_price": 61, "yes_price_dollars": "0.6100"}
{"count": 77, "count_fp": "77.00", "created_time": "2026-02-15T05:41:14.800301Z", "no_price": 37, "no_price_dollars": "0.3700", "price": 0.63, "taker_side": "no", "ticker": "KXINXPOS-26DEC31H1900-T6845.5", "trade_id": "69497c03-d7da-59dc-36a5-2318e9afe7b4", "yes_price": 63, "yes_price_dollars": "0.6300"}
{"count": 504, "count_fp": "504.00", "created_time": "2026-02-15T05:41:14.800301Z", "no_price": 38, "no_price_dollars": "0.3800", "price": 0.62, "taker_side": "no", "ticker": "KXINXPOS-26DEC31H1900-T6845.5", "trade_id": "549eab8e-4006-5013-25c1-ffddaf261c14", "yes_price": 62, "yes_price_dollars": "0.6200"}
{"count": 168, "count_fp": "168.00", "created_time": "2026-02-15T05:41:14.800301Z", "no_price": 36, "no_price_dollars": "0.3600", "price": 0.64, "taker_side": "no", "ticker": "KXINXPOS-26DEC31H1900-T6845.5", "trade_id": "3c0a218f-875b-50ba-10eb-78df16c14267", "yes_price": 64, "yes_price_dollars": "0.6400"}
{"count": 71, "count_fp": "71.00", "created_time": "2026-02-15T05:41:14.800301Z", "no_price": 37, "no_price_dollars": "0.3700", "price": 0.63, "taker_side": "no", "ticker": "KXINXPOS-26DEC31H1900-T6845.5", "trade_id": "1f94c3a0-55b5-5699-390b-535e67128635", "yes_price": 63, "yes_price_dollars": "0.6300"}
{"count": 57, "count_fp": "57.00", "created_time": "2026-02-15T05:41:14.800301Z", "no_price": 37, "no_price_dollars": "0.3700", "price": 0.63, "taker_side": "no", "ticker": "KXINXPOS-26DEC31H1900-T6845.5", "trade_id": "1f7b4d70-dbaa-537a-3b7f-c1914df99959", "yes_price": 63, "yes_price_dollars": "0.6300"}
{"count": 99, "count_fp": "99.00", "created_time": "2026-02-15T05:41:14.800301Z", "no_price": 36, "no_price_dollars": "0.3600", "price": 0.64, "taker_side": "no", "ticker": "KXINXPOS-26DEC31H1900-T6845.5", "trade_id": "0b3b3b53-1227-52a2-39c5-55500aebefbe", "yes_price": 64, "yes_price_dollars": "0.6400"}
{"count": 29, "count_fp": "29.00", "created_time": "2026-02-15T05:01:47.271931Z", "no_price": 34, "no_price_dollars": "0.3400", "price": 0.66, "taker_side": "yes", "ticker": "KXINXPOS-26DEC31H1900-T6845.5", "trade_id": "bd27efbe-09bf-6ae2-5615-197f9ee5d3dc", "yes_price": 66, "yes_price_dollars": "0.6600"}
{"count": 75, "count_fp": "75.00", "created_time": "2026-02-15T03:56:56.543595Z", "no_price": 34, "no_price_dollars": "0.3400", "price": 0.66, "taker_side": "yes", "ticker": "KXINXPOS-26DEC31H1900-T6845.5", "trade_id": "128b748f-e2e7-592a-c8db-c53acde37ba8", "yes_price": 66, "yes_price_dollars": "0.6600"}
{"count": 1, "count_fp": "1.00", "created_time": "2026-02-15T01:49:11.522589Z", "no_price": 34, "no_price_dollars": "0.3400", "price": 0.66, "taker_side": "yes", "ticker": "KXINXPOS-26DEC31H1900-T6845.5", "trade_id": "e2b4b9a2-3a4b-4556-974d-cbd47b84c0b0", "yes_price": 66, "yes_price_dollars": "0.6600"}
{"count": 6, "count_fp": "6.00", "created_time": "2026-02-15T01:49:11.522589Z", "no_price": 34, "no_price_dollars": "0.3400", "price": 0.66, "taker_side": "yes", "ticker": "KXINXPOS-26DEC31H1900-T6845.5", "trade_id": "8aefe95b-7a09-4226-af84-68c5fb3548e7", "yes_price": 66, "yes_price_dollars": "0.6600"}
{"count": 22, "count_fp": "22.00", "created_time": "2026-02-15T01:49:11.522589Z", "no_price": 34, "no_price_dollars": "0.3400", "price": 0.66, "taker_side": "yes", "ticker": "KXINXPOS-26DEC31H1900-T6845.5", "trade_id": "7f687021-41fd-4491-9bb5-e18879e0ceae", "yes_price": 66, "yes_price_dollars": "0.6600"}
{"count": 104, "count_fp": "104.00", "created_time": "2026-02-15T00:00:49.909086Z", "no_price": 36, "no_price_dollars": "0.3600", "price": 0.64, "taker_side": "no", "ticker": "KXINXPOS-26DEC31H1900-T6845.5", "trade_id": "e324d0e9-a4c9-6c00-e22e-bdef69c84ea6", "yes_price": 64, "yes_price_dollars": "0.6400"}
{"count": 30, "count_fp": "30.00", "created_time": "2026-02-15T00:00:49.909086Z", "no_price": 36, "no_price_dollars": "0.3600", "price": 0.64, "taker_side": "no", "ticker": "KXINXPOS-26DEC31H1900-T6845.5", "trade_id": "ca2f9c2f-57a8-6737-e9e0-757e403c8851", "yes_price": 64, "yes_price_dollars": "0.6400"}
{"count": 1, "count_fp": "1.00", "created_time": "2026-02-15T00:00:49.909086Z", "no_price": 36, "no_price_dollars": "0.3600", "price": 0.64, "taker_side": "no", "ticker": "KXINXPOS-26DEC31H1900-T6845.5", "trade_id": "24e13736-37b6-6b4d-d92f-86b1ad655a18", "yes_price": 64, "yes_price_dollars": "0.6400"}
