{"count": 43, "count_fp": "43.00", "created_time": "2026-02-12T14:06:15.686331Z", "no_price": 97, "no_price_dollars": "0.9700", "price": 0.03, "taker_side": "yes", "ticker": "KXINX-26FEB12H1600-T6575", "trade_id": "0ffe3eef-940b-7c3e-394f-62b5ede5f013", "yes_price": 3, "yes_price_dollars": "0.0300"}
{"count": 35, "count_fp": "35.00", "created_time": "2026-02-12T18:17:41.835315Z", "no_price": 93, "no_price_dollars": "0.9300", "price": 0.07, "taker_side": "no", "ticker": "KXINX-26FEB12H1600-B7012", "trade_id": "01e3b250-f46b-60ee-08e2-004c6f2650b2", "yes_price": 7, "yes_price_dollars": "0.0700"}
{"count": 1000, "count_fp": "1000.00", "created_time": "2026-02-12T15:12:20.703759Z", "no_price": 94, "no_price_dollars": "0.9400", "price": 0.06, "taker_side": "yes", "ticker": "KXINX-26FEB12H1600-B7012", "trade_id": "15842014-acbd-5536-177e-1126d26935bf", "yes_price": 6, "yes_price_dollars": "0.0600"}
{"count": 11, "count_fp": "11.00", "created_time": "2026-02-12T14:32:44.295548Z", "no_price": 86, "no_price_dollars": "0.8600", "price": 0.14, "taker_side": "yes", "ticker": "KXINX-26FEB12H1600-B7012", "trade_id": "999cffbc-0336-4e75-5c91-b59719ff8619", "yes_price": 14, "yes_price_dollars": "0.1400"}
{"count": 7, "count_fp": "7.00", "created_time": "2026-02-12T14:17:24.428587Z", "no_price": 87, "no_price_dollars": "0.8700", "price": 0.13, "taker_side": "yes", "ticker": "KXINX-26FEB12H1600-B7012", "trade_id": "078fd4ed-d791-6aa6-3fc8-a6206fe52047", "yes_price": 13, "yes_price_dollars": "0.1300"}
{"count": 47, "count_fp": "47.00", "created_time": "2026-02-12T13:55:39.949597Z", "no_price": 83, "no_price_dollars": "0.8300", "price": 0.17, "taker_side": "yes", "ticker": "KXINX-26FEB12H1600-B7012", "trade_id": "d1082050-ab32-4cc9-20a8-865afcbe0d8b", "yes_price": 17, "yes_price_dollars": "0.1700"}
{"count": 1, "count_fp": "1.00", "created_time": "2026-02-12T13:55:39.949597Z", "no_price": 85, "no_price_dollars": "0.8500", "price": 0.15, "taker_side": "yes", "ticker": "KXINX-26FEB12H1600-B7012", "trade_id": "90062ebf-1c83-4dc3-0896-58ddd5737f57", "yes_price": 15, "yes_price_dollars": "0.1500"}
{"count": 952, "count_fp": "952.00", "created_time": "2026-02-12T13:55:39.949597Z", "no_price": 83, "no_price_dollars": "0.8300", "price": 0.17, "taker_side": "yes", "ticker": "KXINX-26FEB12H1600-B7012", "trade_id": "62e562b8-acd9-44a2-21e2-38918f2a946b", "yes_price": 17, "yes_price_dollars": "0.1700"}
{"count": 1, "count_fp": "1.00", "created_time": "2026-02-12T13:45:57.148533Z", "no_price": 85, "no_price_dollars": "0.8500", "price": 0.15, "taker_side": "no", "ticker": "KXINX-26FEB12H1600-B7012", "trade_id": "bf42b8a8-e765-4984-601a-5be6ac362a53", "yes_price": 15, "yes_price_dollars": "0.1500"}
{"count": 1, "count_fp": "1.00", "created_time": "2026-02-12T13:45:02.208666Z", "no_price": 85, "no_price_dollars": "0.8500", "price": 0.15, "taker_side": "no", "ticker": "KXINX-26FEB12H1600-B7012", "trade_id": "da02cc7f-7459-5510-e749-ebd5937d3267", "yes_price": 15, "yes_price_dollars": "0.1500"}
{"count": 1, "count_fp": "1.00", "created_time": "2026-02-12T13:40:45.749602Z", "no_price": 85, "no_price_dollars": "0.8500", "price": 0.15, "taker_side": "yes", "ticker": "KXINX-26FEB12H1600-B7012", "trade_id": "1771fb52-5191-4217-76f7-b0fbf64fe812", "yes_price": 15, "yes_price_dollars": "0.1500"}
{"count": 48, "count_fp": "48.00", "created_time": "2026-02-12T19:57:22.186439Z", "no_price": 98, "no_price_dollars": "0.9800", "price": 0.02, "taker_side": "yes", "ticker": "KXINX-26FEB12H1600-B6987", "trade_id": "6806e4ff-22d8-79ab-a6ba-a920c8fc9988", "yes_price": 2, "yes_price_dollars": "0.0200"}
{"count": 127, "count_fp": "127.00", "created_time": "2026-02-12T16:27:52.080623Z", "no_price": 96, "no_price_dollars": "0.9600", "price": 0.04, "taker_side": "yes", "ticker": "KXINX-26FEB12H1600-B6987", "trade_id": "584530b7-eaf3-786e-a6ff-a9ecb6ebac5a", "yes_price": 4, "yes_price_dollars": "0.0400"}
{"count": 20, "count_fp": "20.00", "created_time": "2026-02-12T16:27:52.080623Z", "no_price": 96, "no_price_dollars": "0.9600", "price": 0.04, "taker_side": "yes", "ticker": "KXINX-26FEB12H1600-B6987", "trade_id": "1d90cee7-502d-7834-9d34-a7075d68afec", "yes_price": 4, "yes_price_dollars": "0.0400"}
{"count": 20, "count_fp": "20.00", "created_time": "2026-02-12T16:16:23.611799Z", "no_price": 98, "no_price_dollars": "0.9800", "price": 0.02, "taker_side": "no", "ticker": "KXINX-26FEB12H1600-B6987", "trade_id": "1dec1c03-8eb1-6e5f-7752-2025cb7ca3a6", "yes_price": 2, "yes_price_dollars": "0.0200"}
{"count": 20, "count_fp": "20.00", "created_time": "2026-02-12T16:16:22.344888Z", "no_price": 98, "no_price_dollars": "0.9800", "price": 0.02, "taker_side": "no", "ticker": "KXINX-26FEB12H1600-B6987", "trade_id": "6098e779-ee7d-7973-f774-bd3bb7f8e446", "yes_price": 2, "yes_price_dollars": "0.0200"}
{"count": 20, "count_fp": "20.00", "created_time": "2026-02-12T16:16:21.032518Z", "no_price": 98, "no_price_dollars": "0.9800", "price": 0.02, "taker_side": "no", "ticker": "KXINX-26FEB12H1600-B6987", "trade_id": "95862d00-419d-70bb-503d-954753d0ec6a", "yes_price": 2, "yes_price_dollars": "0.0200"}
{"count": 20, "count_fp": "20.00", "created_time": "2026-02-12T16:16:18.830393Z", "no_price": 98, "no_price_dollars": "0.9800", "price": 0.02, "taker_side": "no", "ticker": "KXINX-26FEB12H1600-B6987", "trade_id": "df937b48-a79d-74a3-64c8-70e3908c3e7e", "yes_price": 2, "yes_price_dollars": "0.0200"}
{"count": 73, "count_fp": "73.00", "created_time": "2026-02-12T15:57:32.065535Z", "no_price": 98, "no_price_dollars": "0.9800", "price": 0.02, "taker_side": "no", "ticker": "KXINX-26FEB12H1600-B6987", "trade_id": "f27a236c-90fd-5c8b-362a-01ca583edf82", "yes_price": 2, "yes_price_dollars": "0.0200"}
{"count": 32, "count_fp": "32.00", "created_time": "2026-02-12T15:42:36.519725Z", "no_price": 96, "no_price_dollars": "0.9600", "price": 0.04, "taker_side": "no", "ticker": "KXINX-26FEB12H1600-B6987", "trade_id": "15acdc2d-ca98-58f0-023f-172897d9f2f1", "yes_price": 4, "yes_price_dollars": "0.0400"}
{"count": 10, "count_fp": "10.00", "created_time": "2026-02-12T15:34:23.85443Z", "no_price": 88, "no_price_dollars": "0.8800", "price": 0.12, "taker_side": "no", "ticker": "KXINX-26FEB12H1600-B6987", "trade_id": "0fda9fc3-0205-584e-a8a0-71da0bf93939", "yes_price": 12, "yes_price_dollars": "0.1200"}
{"count": 10, "count_fp": "10.00", "created_time": "2026-02-12T15:32:46.926427Z", "no_price": 84, "no_price_dollars": "0.8400", "price": 0.16, "taker_side": "no", "ticker": "KXINX-26FEB12H1600-B6987", "trade_id": "2ec0d920-7d43-794c-37ba-96f7c9829495", "yes_price": 16, "yes_price_dollars": "0.1600"}
{"count": 28, "count_fp": "28.00", "created_time": "2026-02-12T15:31:33.820499Z", "no_price": 80, "no_price_dollars": "0.8000", "price": 0.2, "taker_side": "no", "ticker": "KXINX-26FEB12H1600-B6987", "trade_id": "30497f7a-82bb-773f-12fd-864d13db9c72", "yes_price": 20, "yes_price_dollars": "0.2000"}
{"count": 26, "count_fp": "26.00", "created_time": "2026-02-12T15:29:37.864087Z", "no_price": 80, "no_price_dollars": "0.8000", "price": 0.2, "taker_side": "no", "ticker": "KXINX-26FEB12H1600-B6987", "trade_id": "8adcc24e-ff15-725d-2b8b-3368c86311e4", "yes_price": 20, "yes_price_dollars": "0.2000"}
{"count": 49, "count_fp": "49.00", "created_time": "2026-02-12T15:22:46.12955Z", "no_price": 77, "no_price_dollars": "0.7700", "price": 0.23, "taker_side": "yes", "ticker": "KXINX-26FEB12H1600-B6987", "trade_id": "f10de683-041a-4dc5-1adb-c5c86557f830", "yes_price": 23, "yes_price_dollars": "0.2300"}
{"count": 300, "count_fp": "300.00", "created_time": "2026-02-12T15:14:07.96742Z", "no_price": 80, "no_price_dollars": "0.8000", "price": 0.2, "taker_side": "yes", "ticker": "KXINX-26FEB12H1600-B6987", "trade_id": "928f54f5-08b2-48f8-2cef-deb41b67f75c", "yes_price": 20, "yes_price_dollars": "0.2000"}
{"count": 11, "count_fp": "11.00", "created_time": "2026-02-12T15:05:09.442319Z", "no_price": 82, "no_price_dollars": "0.8200", "price": 0.18, "taker_side": "no", "ticker": "KXINX-26FEB12H1600-B6987", "trade_id": "48b5a3d0-2928-65fc-a9a0-7db494fe1a39", "yes_price": 18, "yes_price_dollars": "0.1800"}
{"count": 10, "count_fp": "10.00", "created_time": "2026-02-12T15:01:11.361515Z", "no_price": 80, "no_price_dollars": "0.8000", "price": 0.2, "taker_side": "yes", "ticker": "KXINX-26FEB12H1600-B6987", "trade_id": "40aae74f-8ce1-4d79-00b6-d4abd5c73e5b", "yes_price": 20, "yes_price_dollars": "0.2000"}
{"count": 10, "count_fp": "10.00", "created_time": "2026-02-12T14:56:27.49095Z", "no_price": 75, "no_price_dollars": "0.7500", "price": 0.25, "taker_side": "no", "ticker": "KXINX-26FEB12H1600-B6987", "trade_id": "7883d969-00d2-77ec-93a9-81a869bafa90", "yes_price": 25, "yes_price_dollars": "0.2500"}
{"count": 10, "count_fp": "10.00", "created_time": "2026-02-12T14:50:02.582276Z", "no_price": 74, "no_price_dollars": "0.7400", "price": 0.26, "taker_side": "no", "ticker": "KXINX-26FEB12H1600-B6987", "trade_id": "9ea8b1eb-7db3-76ad-3348-60482a7cc214", "yes_price": 26, "yes_price_dollars": "0.2600"}
{"count": 58, "count_fp": "58.00", "created_time": "2026-02-12T14:45:52.760824Z", "no_price": 70, "no_price_dollars": "0.7000", "price": 0.3, "taker_side": "no", "ticker": "KXINX-26FEB12H1600-B6987", "trade_id": "834964fe-18ae-7233-0ab9-82b63e4f1de7", "yes_price": 30, "yes_price_dollars": "0.3000"}
{"count": 49, "count_fp": "49.00", "created_time": "2026-02-12T14:44:13.626551Z", "no_price": 68, "no_price_dollars": "0.6800", "price": 0.32, "taker_side": "no", "ticker": "KXINX-26FEB12H1600-B6987", "trade_id": "331a99da-e915-77ff-1ac8-65fa254bcb3d", "yes_price": 32, "yes_price_dollars": "0.3200"}
{"count": 1, "count_fp": "1.00", "created_time": "2026-02-12T14:42:30.570303Z", "no_price": 64, "no_price_dollars": "0.6400", "price": 0.36, "taker_side": "no", "ticker": "KXINX-26FEB12H1600-B6987", "trade_id": "96e949a3-67ca-5e78-0858-a9e4e0ea97e5", "yes_price": 36, "yes_price_dollars": "0.3600"}
{"count": 2, "count_fp": "2.00", "created_time": "2026-02-12T14:41:35.075515Z", "no_price": 63, "no_price_dollars": "0.6300", "price": 0.37, "taker_side": "yes", "ticker": "KXINX-26FEB12H1600-B6987", "trade_id": "9a90f924-5812-5caa-371d-0608872e1b84", "yes_price": 37, "yes_price_dollars": "0.3700"}
{"count": 10, "count_fp": "10.00", "created_time": "2026-02-12T14:41:29.943208Z", "no_price": 63, "no_price_dollars": "0.6300", "price": 0.37, "taker_side": "yes", "ticker": "KXINX-26FEB12H1600-B6987", "trade_id": "bbcfbdc7-d886-6c6a-de8f-a3d4dee28dc4", "yes_price": 37, "yes_price_dollars": "0.3700"}
{"count": 8, "count_fp": "8.00", "created_time": "2026-02-12T14:40:01.392764Z", "no_price": 67, "no_price_dollars": "0.6700", "price": 0.33, "taker_side": "yes", "ticker": "KXINX-26FEB12H1600-B6987", "trade_id": "ac3ab97f-7aab-67c9-a52f-91330b14b135", "yes_price": 33, "yes_price_dollars": "0.3300"}
{"count": 33, "count_fp": "33.00", "created_time": "2026-02-12T14:33:51.640263Z", "no_price": 65, "no_price_dollars": "0.6500", "price": 0.35, "taker_side": "no", "ticker": "KXINX-26FEB12H1600-B6987", "trade_id": "270ee44b-80f7-74bf-26ff-4f0d179edd02", "yes_price": 35, "yes_price_dollars": "0.3500"}
{"count": 7, "count_fp": "7.00", "created_time": "2026-02-12T14:30:34.025149Z", "no_price": 69, "no_price_dollars": "0.6900", "price": 0.31, "taker_side": "no", "ticker": "KXINX-26FEB12H1600-B6987", "trade_id": "444018d9-d991-74a5-c9d0-6fc0f25d2861", "yes_price": 31, "yes_price_dollars": "0.3100"}
{"count": 10, "count_fp": "10.00", "created_time": "2026-02-12T14:29:32.276547Z", "no_price": 70, "no_price_dollars": "0.7000", "price": 0.3, "taker_side": "no", "ticker": "KXINX-26FEB12H1600-B6987", "trade_id": "21795af7-b16e-66c7-7618-e26fff6c120f", "yes_price": 30, "yes_price_dollars": "0.3000"}
{"count": 10, "count_fp": "10.00", "created_time": "2026-02-12T14:29:25.704131Z", "no_price": 70, "no_price_dollars": "0.7000", "price": 0.3, "taker_side": "no", "ticker": "KXINX-26FEB12H1600-B6987", "trade_id": "71e18273-29f2-67ef-392b-06779ab5da57", "yes_price": 30, "yes_price_dollars": "0.3000"}
{"count": 10, "count_fp": "10.00", "created_time": "2026-02-12T14:29:17.254792Z", "no_price": 70, "no_price_dollars": "0.7000", "price": 0.3, "taker_side": "no", "ticker": "KXINX-26FEB12H1600-B6987", "trade_id": "0a5b54db-0a7a-5f2b-60f7-417a16f83557", "yes_price": 30, "yes_price_dollars": "0.3000"}
{"count": 10, "count_fp": "10.00", "created_time": "2026-02-12T14:29:15.117091Z", "no_price": 70, "no_price_dollars": "0.7000", "price": 0.3, "taker_side": "no", "ticker": "KXINX-26FEB12H1600-B6987", "trade_id": "0db558fa-4022-5d8b-776b-fb385595c2d7", "yes_price": 30, "yes_price_dollars": "0.3000"}
{"count": 988, "count_fp": "988.00", "created_time": "2026-02-12T14:01:36.631598Z", "no_price": 66, "no_price_dollars": "0.6600", "price": 0.34, "taker_side": "yes", "ticker": "KXINX-26FEB12H1600-B6987", "trade_id": "ed71b594-c8d3-513e-433e-d6c997108086", "yes_price": 34, "yes_price_dollars": "0.3400"}
{"count": 12, "count_fp": "12.00", "created_time": "2026-02-12T14:01:36.631598Z", "no_price": 69, "no_price_dollars": "0.6900", "price": 0.31, "taker_side": "yes", "ticker": "KXINX-26FEB12H1600-B6987", "trade_id": "da0d9d76-95a8-5946-7f03-40c2126c3161", "yes_price": 31, "yes_price_dollars": "0.3100"}
{"count": 1, "count_fp": "1.00", "created_time": "2026-02-12T13:45:57.102783Z", "no_price": 70, "no_price_dollars": "0.7000", "price": 0.3, "taker_side": "no", "ticker": "KXINX-26FEB12H1600-B6987", "trade_id": "492fb926-9dd2-6d73-b5e6-113e5a58d553", "yes_price": 30, "yes_price_dollars": "0.3000"}
{"count": 1, "count_fp": "1.00", "created_time": "2026-02-12T13:45:02.165162Z", "no_price": 70, "no_price_dollars": "0.7000", "price": 0.3, "taker_side": "no", "ticker": "KXINX-26FEB12H1600-B6987", "trade_id": "9b76e466-b572-7367-6b2e-60d72af7428f", "yes_price": 30, "yes_price_dollars": "0.3000"}
{"count": 1, "count_fp": "1.00", "created_time": "2026-02-12T13:40:36.324235Z", "no_price": 70, "no_price_dollars": "0.7000", "price": 0.3, "taker_side": "yes", "ticker": "KXINX-26FEB12H1600-B6987", "trade_id": "5da148b9-8665-4d6e-14ab-c4465bd26c24", "yes_price": 30, "yes_price_dollars": "0.3000"}
{"count": 1, "count_fp": "1.00", "created_time": "2026-02-12T13:35:03.190656Z", "no_price": 72, "no_price_dollars": "0.7200", "price": 0.28, "taker_side": "no", "ticker": "KXINX-26FEB12H1600-B6987", "trade_id": "b19577d6-3e21-4280-889c-eb6022660faf", "yes_price": 28, "yes_price_dollars": "0.2800"}
{"count": 1, "count_fp": "1.00", "created_time": "2026-02-12T13:32:05.685602Z", "no_price": 74, "no_price_dollars": "0.7400", "price": 0.26, "taker_side": "yes", "ticker": "KXINX-26FEB12H1600-B6987", "trade_id": "7a1a1799-87c7-4442-1d28-23dd7b91eb0a", "yes_price": 26, "yes_price_dollars": "0.2600"}
{"count": 1, "count_fp": "1.00", "created_time": "2026-02-12T13:25:01.923407Z", "no_price": 76, "no_price_dollars": "0.7600", "price": 0.24, "taker_side": "no", "ticker": "KXINX-26FEB12H1600-B6987", "trade_id": "43f49433-bbbf-53b7-ccfa-947c8c0cf9ab", "yes_price": 24, "yes_price_dollars": "0.2400"}
{"count": 2, "count_fp": "2.00", "created_time": "2026-02-12T13:22:23.99424Z", "no_price": 76, "no_price_dollars": "0.7600", "price": 0.24, "taker_side": "no", "ticker": "KXINX-26FEB12H1600-B6987", "trade_id": "3daa30a4-f9de-43aa-58ce-fa9aee162852", "yes_price": 24, "yes_price_dollars": "0.2400"}
{"count": 2, "count_fp": "2.00", "created_time": "2026-02-12T13:20:06.167613Z", "no_price": 76, "no_price_dollars": "0.7600", "price": 0.24, "taker_side": "no", "ticker": "KXINX-26FEB12H1600-B6987", "trade_id": "c834871d-b2dd-621f-d0cf-69b5973e8ba9", "yes_price": 24, "yes_price_dollars": "0.2400"}
{"count": 3, "count_fp": "3.00", "created_time": "2026-02-12T20:30:20.075349Z", "no_price": 98, "no_price_dollars": "0.9800", "price": 0.02, "taker_side": "yes", "ticker": "KXINX-26FEB12H1600-B6962", "trade_id": "d77a20d5-f0dd-7a10-d681-c85e55e705c8", "yes_price": 2, "yes_price_dollars": "0.0200"}
{"count": 45, "count_fp": "45.00", "created_time": "2026-02-12T18:29:55.895172Z", "no_price": 98, "no_price_dollars": "0.9800", "price": 0.02, "taker_side": "yes", "ticker": "KXINX-26FEB12H1600-B6962", "trade_id": "56f43e12-3c8e-76c2-3574-ff8d1227705f", "yes_price": 2, "yes_price_dollars": "0.0200"}
{"count": 20, "count_fp": "20.00", "created_time": "2026-02-12T16:37:38.823531Z", "no_price": 98, "no_price_dollars": "0.9800", "price": 0.02, "taker_side": "no", "ticker": "KXINX-26FEB12H1600-B6962", "trade_id": "88e3cff8-010f-701b-a917-fa5f48a8202a", "yes_price": 2, "yes_price_dollars": "0.0200"}
{"count": 31, "count_fp": "31.00", "created_time": "2026-02-12T15:48:34.645701Z", "no_price": 79, "no_price_dollars": "0.7900", "price": 0.21, "taker_side": "no", "ticker": "KXINX-26FEB12H1600-B6962", "trade_id": "4d794b54-cbcf-4789-634f-fac5e4201d1b", "yes_price": 21, "yes_price_dollars": "0.2100"}
{"count": 10, "count_fp": "10.00", "created_time": "2026-02-12T15:34:09.652724Z", "no_price": 69, "no_price_dollars": "0.6900", "price": 0.31, "taker_side": "no", "ticker": "KXINX-26FEB12H1600-B6962", "trade_id": "7ab22b07-41ca-6109-5012-c9fad50c4210", "yes_price": 31, "yes_price_dollars": "0.3100"}
{"count": 10, "count_fp": "10.00", "created_time": "2026-02-12T15:33:24.772413Z", "no_price": 65, "no_price_dollars": "0.6500", "price": 0.35, "taker_side": "no", "ticker": "KXINX-26FEB12H1600-B6962", "trade_id": "207ce3f7-82a1-4d7d-e5d1-734b7d93b7b2", "yes_price": 35, "yes_price_dollars": "0.3500"}
{"count": 10, "count_fp": "10.00", "created_time": "2026-02-12T15:14:25.430422Z", "no_price": 64, "no_price_dollars": "0.6400", "price": 0.36, "taker_side": "yes", "ticker": "KXINX-26FEB12H1600-B6962", "trade_id": "673f4f55-605a-5961-913e-ee29955dc3b8", "yes_price": 36, "yes_price_dollars": "0.3600"}
{"count": 135, "count_fp": "135.00", "created_time": "2026-02-12T15:14:23.627702Z", "no_price": 64, "no_price_dollars": "0.6400", "price": 0.36, "taker_side": "yes", "ticker": "KXINX-26FEB12H1600-B6962", "trade_id": "2c97b10f-84ba-7ff1-64b6-68d305de9a28", "yes_price": 36, "yes_price_dollars": "0.3600"}
{"count": 10, "count_fp": "10.00", "created_time": "2026-02-12T15:13:33.053986Z", "no_price": 65, "no_price_dollars": "0.6500", "price": 0.35, "taker_side": "yes", "ticker": "KXINX-26FEB12H1600-B6962", "trade_id": "c9b078fd-b878-4a75-9c65-bf4a40c33103", "yes_price": 35, "yes_price_dollars": "0.3500"}
{"count": 126, "count_fp": "126.00", "created_time": "2026-02-12T15:13:33.053986Z", "no_price": 64, "no_price_dollars": "0.6400", "price": 0.36, "taker_side": "yes", "ticker": "KXINX-26FEB12H1600-B6962", "trade_id": "6c8c0e28-398a-4c11-89e3-0e78c29778a0", "yes_price": 36, "yes_price_dollars": "0.3600"}
{"count": 10, "count_fp": "10.00", "created_time": "2026-02-12T15:12:06.449995Z", "no_price": 66, "no_price_dollars": "0.6600", "price": 0.34, "taker_side": "yes", "ticker": "KXINX-26FEB12H1600-B6962", "trade_id": "9b9ddb53-dce6-75d1-bce1-b449f33359a8", "yes_price": 34, "yes_price_dollars": "0.3400"}
{"count": 40, "count_fp": "40.00", "created_time": "2026-02-12T15:06:26.172541Z", "no_price": 67, "no_price_dollars": "0.6700", "price": 0.33, "taker_side": "no", "ticker": "KXINX-26FEB12H1600-B6962", "trade_id": "6afbb372-69e6-4782-46d6-3440677a917c", "yes_price": 33, "yes_price_dollars": "0.3300"}
{"count": 4, "count_fp": "4.00", "created_time": "2026-02-12T15:02:29.583499Z", "no_price": 66, "no_price_dollars": "0.6600", "price": 0.34, "taker_side": "yes", "ticker": "KXINX-26FEB12H1600-B6962", "trade_id": "da7af642-7fc6-60b5-f26e-992fc663cd6c", "yes_price": 34, "yes_price_dollars": "0.3400"}
{"count": 10, "count_fp": "10.00", "created_time": "2026-02-12T15:02:29.583499Z", "no_price": 67, "no_price_dollars": "0.6700", "price": 0.33, "taker_side": "yes", "ticker": "KXINX-26FEB12H1600-B6962", "trade_id": "c43a3e0b-4826-6c2c-e998-bb41d85f17a5", "yes_price": 33, "yes_price_dollars": "0.3300"}
{"count": 12, "count_fp": "12.00", "created_time": "2026-02-12T15:02:29.583499Z", "no_price": 69, "no_price_dollars": "0.6900", "price": 0.31, "taker_side": "yes", "ticker": "KXINX-26FEB12H1600-B6962", "trade_id": "9596e3a4-8478-6c4c-ed51-20119f4b891d", "yes_price": 31, "yes_price_dollars": "0.3100"}
{"count": 48, "count_fp": "48.00", "created_time": "2026-02-12T15:02:29.583499Z", "no_price": 67, "no_price_dollars": "0.6700", "price": 0.33, "taker_side": "yes", "ticker": "KXINX-26FEB12H1600-B6962", "trade_id": "3665afbf-83ae-611c-d104-25f10b5c391f", "yes_price": 33, "yes_price_dollars": "0.3300"}
{"count": 44, "count_fp": "44.00", "created_time": "2026-02-12T14:33:00.458792Z", "no_price": 74, "no_price_dollars": "0.7400", "price": 0.26, "taker_side": "no", "ticker": "KXINX-26FEB12H1600-B6962", "trade_id": "dc59cfac-2d1d-45f7-7cc1-69d52df9ec7f", "yes_price": 26, "yes_price_dollars": "0.2600"}
{"count": 1, "count_fp": "1.00", "created_time": "2026-02-12T13:39:05.424504Z", "no_price": 72, "no_price_dollars": "0.7200", "price": 0.28, "taker_side": "yes", "ticker": "KXINX-26FEB12H1600-B6962", "trade_id": "3afb010c-255e-5061-7eea-6b14d2b31b34", "yes_price": 28, "yes_price_dollars": "0.2800"}
{"count": 12, "count_fp": "12.00", "created_time": "2026-02-12T16:53:45.437476Z", "no_price": 92, "no_price_dollars": "0.9200", "price": 0.08, "taker_side": "yes", "ticker": "KXINX-26FEB12H1600-B6937", "trade_id": "d95ed23e-f099-587a-5fa7-f2398334cc0d", "yes_price": 8, "yes_price_dollars": "0.0800"}
{"count": 36, "count_fp": "36.00", "created_time": "2026-02-12T16:53:45.437476Z", "no_price": 92, "no_price_dollars": "0.9200", "price": 0.08, "taker_side": "yes", "ticker": "KXINX-26FEB12H1600-B6937", "trade_id": "7216e998-6c04-565c-6384-59434b3b5f95", "yes_price": 8, "yes_price_dollars": "0.0800"}
{"count": 12, "count_fp": "12.00", "created_time": "2026-02-12T16:53:45.437476Z", "no_price": 93, "no_price_dollars": "0.9300", "price": 0.07, "taker_side": "yes", "ticker": "KXINX-26FEB12H1600-B6937", "trade_id": "084d25f5-806d-5e90-689b-ed9b7ca6ef26", "yes_price": 7, "yes_price_dollars": "0.0700"}
{"count": 100, "count_fp": "100.00", "created_time": "2026-02-12T16:34:34.208895Z", "no_price": 95, "no_price_dollars": "0.9500", "price": 0.05, "taker_side": "no", "ticker": "KXINX-26FEB12H1600-B6937", "trade_id": "9bad8fc0-7824-4da1-e776-98a4fc65a4d2", "yes_price": 5, "yes_price_dollars": "0.0500"}
{"count": 20, "count_fp": "20.00", "created_time": "2026-02-12T16:29:42.205561Z", "no_price": 96, "no_price_dollars": "0.9600", "price": 0.04, "taker_side": "no", "ticker": "KXINX-26FEB12H1600-B6937", "trade_id": "82f09ff8-5c1f-4222-1f89-033fb2bde148", "yes_price": 4, "yes_price_dollars": "0.0400"}
{"count": 52, "count_fp": "52.00", "created_time": "2026-02-12T16:29:42.205561Z", "no_price": 96, "no_price_dollars": "0.9600", "price": 0.04, "taker_side": "no", "ticker": "KXINX-26FEB12H1600-B6937", "trade_id": "4b656bc1-a134-4761-2a46-f8b63ee8c53a", "yes_price": 4, "yes_price_dollars": "0.0400"}
{"count": 2417, "count_fp": "2417.00", "created_time": "2026-02-12T16:27:37.885675Z", "no_price": 94, "no_price_dollars": "0.9400", "price": 0.06, "taker_side": "no", "ticker": "KXINX-26FEB12H1600-B6937", "trade_id": "02c816f0-9590-4005-acb4-42d22b25b216", "yes_price": 6, "yes_price_dollars": "0.0600"}
{"count": 20, "count_fp": "20.00", "created_time": "2026-02-12T16:26:48.797561Z", "no_price": 94, "no_price_dollars": "0.9400", "price": 0.06, "taker_side": "yes", "ticker": "KXINX-26FEB12H1600-B6937", "trade_id": "36a530a8-d4b5-68a9-3acc-f7a06e7098d5", "yes_price": 6, "yes_price_dollars": "0.0600"}
{"count": 20, "count_fp": "20.00", "created_time": "2026-02-12T16:26:46.587765Z", "no_price": 94, "no_price_dollars": "0.9400", "price": 0.06, "taker_side": "yes", "ticker": "KXINX-26FEB12H1600-B6937", "trade_id": "c28bc43f-116d-58d1-1319-b45f8ef7d631", "yes_price": 6, "yes_price_dollars": "0.0600"}
{"count": 20, "count_fp": "20.00", "created_time": "2026-02-12T16:26:44.299784Z", "no_price": 94, "no_price_dollars": "0.9400", "price": 0.06, "taker_side": "yes", "ticker": "KXINX-26FEB12H1600-B6937", "trade_id": "8b8bdf56-f98d-6839-00de-94764dc11605", "yes_price": 6, "yes_price_dollars": "0.0600"}
{"count": 23, "count_fp": "23.00", "created_time": "2026-02-12T16:26:42.536566Z", "no_price": 94, "no_price_dollars": "0.9400", "price": 0.06, "taker_side": "no", "ticker": "KXINX-26FEB12H1600-B6937", "trade_id": "4216fee7-0b18-7894-6cba-dc7364e5ccf6", "yes_price": 6, "yes_price_dollars": "0.0600"}
{"count": 67, "count_fp": "67.00", "created_time": "2026-02-12T16:23:16.631387Z", "no_price": 92, "no_price_dollars": "0.9200", "price": 0.08, "taker_side": "yes", "ticker": "KXINX-26FEB12H1600-B6937", "trade_id": "979085aa-68fb-5f65-1e14-5daad703fbff", "yes_price": 8, "yes_price_dollars": "0.0800"}
{"count": 14, "count_fp": "14.00", "created_time": "2026-02-12T15:57:20.74508Z", "no_price": 72, "no_price_dollars": "0.7200", "price": 0.28, "taker_side": "yes", "ticker": "KXINX-26FEB12H1600-B6937", "trade_id": "c554aeb5-bee5-7df6-52d9-295217007865", "yes_price": 28, "yes_price_dollars": "0.2800"}
{"count": 20, "count_fp": "20.00", "created_time": "2026-02-12T15:57:20.74508Z", "no_price": 73, "no_price_dollars": "0.7300", "price": 0.27, "taker_side": "yes", "ticker": "KXINX-26FEB12H1600-B6937", "trade_id": "bb2db4b7-8b97-70b6-4ae5-a7669daa8501", "yes_price": 27, "yes_price_dollars": "0.2700"}
{"count": 32, "count_fp": "32.00", "created_time": "2026-02-12T15:43:15.634963Z", "no_price": 70, "no_price_dollars": "0.7000", "price": 0.3, "taker_side": "yes", "ticker": "KXINX-26FEB12H1600-B6937", "trade_id": "67650799-c541-67e3-35c0-13472522dea3", "yes_price": 30, "yes_price_dollars": "0.3000"}
{"count": 1, "count_fp": "1.00", "created_time": "2026-02-12T15:40:40.604489Z", "no_price": 70, "no_price_dollars": "0.7000", "price": 0.3, "taker_side": "yes", "ticker": "KXINX-26FEB12H1600-B6937", "trade_id": "55f5233f-7471-71bb-e214-13c3555233ef", "yes_price": 30, "yes_price_dollars": "0.3000"}
{"count": 100, "count_fp": "100.00", "created_time": "2026-02-12T15:27:01.964042Z", "no_price": 74, "no_price_dollars": "0.7400", "price": 0.26, "taker_side": "yes", "ticker": "KXINX-26FEB12H1600-B6937", "trade_id": "a31777cb-33d5-65df-146c-4decd3a4c0c3", "yes_price": 26, "yes_price_dollars": "0.2600"}
{"count": 959, "count_fp": "959.00", "created_time": "2026-02-12T15:16:09.193521Z", "no_price": 77, "no_price_dollars": "0.7700", "price": 0.23, "taker_side": "yes", "ticker": "KXINX-26FEB12H1600-B6937", "trade_id": "c635e780-e165-6846-5fbd-57278aa90929", "yes_price": 23, "yes_price_dollars": "0.2300"}
{"count": 41, "count_fp": "41.00", "created_time": "2026-02-12T15:16:09.193521Z", "no_price": 77, "no_price_dollars": "0.7700", "price": 0.23, "taker_side": "yes", "ticker": "KXINX-26FEB12H1600-B6937", "trade_id": "2d2cf74c-8103-63c9-5737-ca7ba9299fe6", "yes_price": 23, "yes_price_dollars": "0.2300"}
{"count": 29, "count_fp": "29.00", "created_time": "2026-02-12T15:15:59.245131Z", "no_price": 81, "no_price_dollars": "0.8100", "price": 0.19, "taker_side": "no", "ticker": "KXINX-26FEB12H1600-B6937", "trade_id": "1db698ec-9fa8-4091-b332-69a7e31490c2", "yes_price": 19, "yes_price_dollars": "0.1900"}
{"count": 1500, "count_fp": "1500.00", "created_time": "2026-02-12T15:11:00.73877Z", "no_price": 75, "no_price_dollars": "0.7500", "price": 0.25, "taker_side": "no", "ticker": "KXINX-26FEB12H1600-B6937", "trade_id": "50672cc8-be8d-48b4-0bf4-8dfb8b4a99c8", "yes_price": 25, "yes_price_dollars": "0.2500"}
{"count": 100, "count_fp": "100.00", "created_time": "2026-02-12T14:49:45.264041Z", "no_price": 84, "no_price_dollars": "0.8400", "price": 0.16, "taker_side": "no", "ticker": "KXINX-26FEB12H1600-B6937", "trade_id": "a56bdfaf-ea90-5849-a42a-5e9874b3b3ea", "yes_price": 16, "yes_price_dollars": "0.1600"}
{"count": 100, "count_fp": "100.00", "created_time": "2026-02-12T13:41:19.886774Z", "no_price": 85, "no_price_dollars": "0.8500", "price": 0.15, "taker_side": "no", "ticker": "KXINX-26FEB12H1600-B6937", "trade_id": "016fc392-13bb-49a0-3b82-f8601462b771", "yes_price": 15, "yes_price_dollars": "0.1500"}
{"count": 29, "count_fp": "29.00", "created_time": "2026-02-12T13:40:26.311048Z", "no_price": 84, "no_price_dollars": "0.8400", "price": 0.16, "taker_side": "yes", "ticker": "KXINX-26FEB12H1600-B6937", "trade_id": "a7f5afbf-af71-73ca-3e2f-c3733e7f6d5d", "yes_price": 16, "yes_price_dollars": "0.1600"}
{"count": 200, "count_fp": "200.00", "created_time": "2026-02-12T13:40:23.67576Z", "no_price": 84, "no_price_dollars": "0.8400", "price": 0.16, "taker_side": "no", "ticker": "KXINX-26FEB12H1600-B6937", "trade_id": "b2b7a6f0-e6ac-4c18-1e1b-8c2258054edd", "yes_price": 16, "yes_price_dollars": "0.1600"}
{"count": 25, "count_fp": "25.00", "created_time": "2026-02-12T13:25:50.34261Z", "no_price": 80, "no_price_dollars": "0.8000", "price": 0.2, "taker_side": "yes", "ticker": "KXINX-26FEB12H1600-B6937", "trade_id": "3aa6d35f-81c5-603a-573c-5e57988a71f5", "yes_price": 20, "yes_price_dollars": "0.2000"}
{"count": 1, "count_fp": "1.00", "created_time": "2026-02-12T13:12:29.056953Z", "no_price": 81, "no_price_dollars": "0.8100", "price": 0.19, "taker_side": "yes", "ticker": "KXINX-26FEB12H1600-B6937", "trade_id": "b51d4359-63ad-707e-1126-f034ca878771", "yes_price": 19, "yes_price_dollars": "0.1900"}
{"count": 39, "count_fp": "39.00", "created_time": "2026-02-12T07:35:10.825369Z", "no_price": 59, "no_price_dollars": "0.5900", "price": 0.41, "taker_side": "yes", "ticker": "KXINX-26FEB12H1600-B6937", "trade_id": "e2888d07-98ff-4384-1aa6-1657d7bdb57c", "yes_price": 41, "yes_price_dollars": "0.4100"}
{"count": 12, "count_fp": "12.00", "created_time": "2026-02-12T07:35:10.825369Z", "no_price": 69, "no_price_dollars": "0.6900", "price": 0.31, "taker_side": "yes", "ticker": "KXINX-26FEB12H1600-B6937", "trade_id": "c6495a16-f13f-4407-2e46-b852ea2b25c4", "yes_price": 31, "yes_price_dollars": "0.3100"}
{"count": 12, "count_fp": "12.00", "created_time": "2026-02-12T07:35:10.825369Z", "no_price": 63, "no_price_dollars": "0.6300", "price": 0.37, "taker_side": "yes", "ticker": "KXINX-26FEB12H1600-B6937", "trade_id": "c4ddb3d8-12ab-4f1b-30c3-37959da12ea6", "yes_price": 37, "yes_price_dollars": "0.3700"}
{"count": 130, "count_fp": "130.00", "created_time": "2026-02-12T20:03:31.762325Z", "no_price": 96, "no_price_dollars": "0.9600", "price": 0.04, "taker_side": "no", "ticker": "KXINX-26FEB12H1600-B6912", "trade_id": "08e1f4f6-7655-6ae8-c037-947607923c05", "yes_price": 4, "yes_price_dollars": "0.0400"}
{"count": 55, "count_fp": "55.00", "created_time": "2026-02-12T18:09:35.529918Z", "no_price": 91, "no_price_dollars": "0.9100", "price": 0.09, "taker_side": "yes", "ticker": "KXINX-26FEB12H1600-B6912", "trade_id": "b2641c92-de70-6b4a-2a5f-6dd9c39af5aa", "yes_price": 9, "yes_price_dollars": "0.0900"}
{"count": 1, "count_fp": "1.00", "created_time": "2026-02-12T17:55:26.639688Z", "no_price": 90, "no_price_dollars": "0.9000", "price": 0.1, "taker_side": "yes", "ticker": "KXINX-26FEB12H1600-B6912", "trade_id": "e46ae045-8f10-5451-c784-8c0c489573c6", "yes_price": 10, "yes_price_dollars": "0.1000"}
{"count": 48, "count_fp": "48.00", "created_time": "2026-02-12T17:55:26.639688Z", "no_price": 90, "no_price_dollars": "0.9000", "price": 0.1, "taker_side": "yes", "ticker": "KXINX-26FEB12H1600-B6912", "trade_id": "d8f1c7a6-a8c6-5754-eeef-b0e57e5dafc0", "yes_price": 10, "yes_price_dollars": "0.1000"}
{"count": 51, "count_fp": "51.00", "created_time": "2026-02-12T17:55:26.639688Z", "no_price": 89, "no_price_dollars": "0.8900", "price": 0.11, "taker_side": "yes", "ticker": "KXINX-26FEB12H1600-B6912", "trade_id": "82847357-f832-5937-c6b2-220c5e43e4b3", "yes_price": 11, "yes_price_dollars": "0.1100"}
{"count": 1, "count_fp": "1.00", "created_time": "2026-02-12T17:46:01.458787Z", "no_price": 86, "no_price_dollars": "0.8600", "price": 0.14, "taker_side": "no", "ticker": "KXINX-26FEB12H1600-B6912", "trade_id": "e3e417da-6f62-654f-50e4-4890d42d801f", "yes_price": 14, "yes_price_dollars": "0.1400"}
{"count": 571, "count_fp": "571.00", "created_time": "2026-02-12T17:35:15.053306Z", "no_price": 83, "no_price_dollars": "0.8300", "price": 0.17, "taker_side": "yes", "ticker": "KXINX-26FEB12H1600-B6912", "trade_id": "ddcf624a-f924-567e-bc4c-0d8f5157c270", "yes_price": 17, "yes_price_dollars": "0.1700"}
{"count": 50, "count_fp": "50.00", "created_time": "2026-02-12T17:24:13.359105Z", "no_price": 83, "no_price_dollars": "0.8300", "price": 0.17, "taker_side": "yes", "ticker": "KXINX-26FEB12H1600-B6912", "trade_id": "87b27e42-1604-5352-bc2b-d16e33ee1c1c", "yes_price": 17, "yes_price_dollars": "0.1700"}
{"count": 1616, "count_fp": "1616.00", "created_time": "2026-02-12T17:18:32.593586Z", "no_price": 88, "no_price_dollars": "0.8800", "price": 0.12, "taker_side": "yes", "ticker": "KXINX-26FEB12H1600-B6912", "trade_id": "9785113d-129c-7216-7f44-b3cb24ed86d4", "yes_price": 12, "yes_price_dollars": "0.1200"}
{"count": 12, "count_fp": "12.00", "created_time": "2026-02-12T17:05:12.786368Z", "no_price": 84, "no_price_dollars": "0.8400", "price": 0.16, "taker_side": "yes", "ticker": "KXINX-26FEB12H1600-B6912", "trade_id": "d06ed859-1adc-421e-7ded-dcef8c98f6ec", "yes_price": 16, "yes_price_dollars": "0.1600"}
{"count": 18, "count_fp": "18.00", "created_time": "2026-02-12T17:04:59.748044Z", "no_price": 84, "no_price_dollars": "0.8400", "price": 0.16, "taker_side": "yes", "ticker": "KXINX-26FEB12H1600-B6912", "trade_id": "43d0e210-b008-4036-a877-3fb394f0d7dc", "yes_price": 16, "yes_price_dollars": "0.1600"}
{"count": 30, "count_fp": "30.00", "created_time": "2026-02-12T16:58:15.411635Z", "no_price": 84, "no_price_dollars": "0.8400", "price": 0.16, "taker_side": "yes", "ticker": "KXINX-26FEB12H1600-B6912", "trade_id": "1a09723e-b764-7666-1728-417d2dd2aff0", "yes_price": 16, "yes_price_dollars": "0.1600"}
{"count": 20, "count_fp": "20.00", "created_time": "2026-02-12T16:09:09.925381Z", "no_price": 79, "no_price_dollars": "0.7900", "price": 0.21, "taker_side": "yes", "ticker": "KXINX-26FEB12H1600-B6912", "trade_id": "0c019378-7f1d-62cf-cd12-5d6d1b06fce2", "yes_price": 21, "yes_price_dollars": "0.2100"}
{"count": 10, "count_fp": "10.00", "created_time": "2026-02-12T15:57:57.531947Z", "no_price": 72, "no_price_dollars": "0.7200", "price": 0.28, "taker_side": "yes", "ticker": "KXINX-26FEB12H1600-B6912", "trade_id": "036d4ae9-8000-76ca-8eb7-a42110ea30bc", "yes_price": 28, "yes_price_dollars": "0.2800"}
{"count": 100, "count_fp": "100.00", "created_time": "2026-02-12T15:30:07.148928Z", "no_price": 86, "no_price_dollars": "0.8600", "price": 0.14, "taker_side": "no", "ticker": "KXINX-26FEB12H1600-B6912", "trade_id": "52158f00-5639-42e0-f5da-f2b6ddd9c976", "yes_price": 14, "yes_price_dollars": "0.1400"}
{"count": 20, "count_fp": "20.00", "created_time": "2026-02-12T13:37:32.181165Z", "no_price": 90, "no_price_dollars": "0.9000", "price": 0.1, "taker_side": "no", "ticker": "KXINX-26FEB12H1600-B6912", "trade_id": "d5ffc528-7207-47db-c206-dde0902fe8af", "yes_price": 10, "yes_price_dollars": "0.1000"}
{"count": 80, "count_fp": "80.00", "created_time": "2026-02-12T13:26:46.453299Z", "no_price": 88, "no_price_dollars": "0.8800", "price": 0.12, "taker_side": "yes", "ticker": "KXINX-26FEB12H1600-B6912", "trade_id": "ba81be81-7fe8-42da-1034-5383b5144598", "yes_price": 12, "yes_price_dollars": "0.1200"}
{"count": 16, "count_fp": "16.00", "created_time": "2026-02-12T13:22:01.178387Z", "no_price": 88, "no_price_dollars": "0.8800", "price": 0.12, "taker_side": "yes", "ticker": "KXINX-26FEB12H1600-B6912", "trade_id": "5204ffee-9114-604a-2a22-2aa332d7b2dc", "yes_price": 12, "yes_price_dollars": "0.1200"}
{"count": 100, "count_fp": "100.00", "created_time": "2026-02-12T20:56:20.935922Z", "no_price": 98, "no_price_dollars": "0.9800", "price": 0.02, "taker_side": "no", "ticker": "KXINX-26FEB12H1600-B6887", "trade_id": "d9fcfbd8-d713-718a-1e13-c87422a3490a", "yes_price": 2, "yes_price_dollars": "0.0200"}
{"count": 83, "count_fp": "83.00", "created_time": "2026-02-12T20:29:46.030599Z", "no_price": 95, "no_price_dollars": "0.9500", "price": 0.05, "taker_side": "no", "ticker": "KXINX-26FEB12H1600-B6887", "trade_id": "c4681301-7550-5e5f-dd71-3b7e97fbfa3b", "yes_price": 5, "yes_price_dollars": "0.0500"}
{"count": 18, "count_fp": "18.00", "created_time": "2026-02-12T20:27:00.390596Z", "no_price": 92, "no_price_dollars": "0.9200", "price": 0.08, "taker_side": "yes", "ticker": "KXINX-26FEB12H1600-B6887", "trade_id": "eeb17ef2-802c-7747-af54-5a83d85540f2", "yes_price": 8, "yes_price_dollars": "0.0800"}
{"count": 15, "count_fp": "15.00", "created_time": "2026-02-12T20:27:00.390596Z", "no_price": 92, "no_price_dollars": "0.9200", "price": 0.08, "taker_side": "yes", "ticker": "KXINX-26FEB12H1600-B6887", "trade_id": "12b3614b-487c-7d3e-ace7-e8c30808975f", "yes_price": 8, "yes_price_dollars": "0.0800"}
{"count": 32, "count_fp": "32.00", "created_time": "2026-02-12T20:26:28.761098Z", "no_price": 93, "no_price_dollars": "0.9300", "price": 0.07, "taker_side": "yes", "ticker": "KXINX-26FEB12H1600-B6887", "trade_id": "443fe4ba-2d68-7c10-b294-9f8a2480cc0c", "yes_price": 7, "yes_price_dollars": "0.0700"}
{"count": 10, "count_fp": "10.00", "created_time": "2026-02-12T20:21:31.629399Z", "no_price": 86, "no_price_dollars": "0.8600", "price": 0.14, "taker_side": "yes", "ticker": "KXINX-26FEB12H1600-B6887", "trade_id": "d19adf91-b9e0-7dff-a0f9-3bcc44638948", "yes_price": 14, "yes_price_dollars": "0.1400"}
{"count": 981, "count_fp": "981.00", "created_time": "2026-02-12T20:21:29.922385Z", "no_price": 86, "no_price_dollars": "0.8600", "price": 0.14, "taker_side": "yes", "ticker": "KXINX-26FEB12H1600-B6887", "trade_id": "70760fa4-a4aa-7d3e-8cfd-4ef5dbb45968", "yes_price": 14, "yes_price_dollars": "0.1400"}
{"count": 19, "count_fp": "19.00", "created_time": "2026-02-12T20:21:28.410149Z", "no_price": 86, "no_price_dollars": "0.8600", "price": 0.14, "taker_side": "no", "ticker": "KXINX-26FEB12H1600-B6887", "trade_id": "93647ebb-3672-65d1-d6c9-a62a82374e60", "yes_price": 14, "yes_price_dollars": "0.1400"}
{"count": 20, "count_fp": "20.00", "created_time": "2026-02-12T20:21:12.002353Z", "no_price": 86, "no_price_dollars": "0.8600", "price": 0.14, "taker_side": "no", "ticker": "KXINX-26FEB12H1600-B6887", "trade_id": "5ddcb4b6-9f0b-7d0e-8749-e6682984368b", "yes_price": 14, "yes_price_dollars": "0.1400"}
{"count": 2, "count_fp": "2.00", "created_time": "2026-02-12T20:21:12.002353Z", "no_price": 86, "no_price_dollars": "0.8600", "price": 0.14, "taker_side": "no", "ticker": "KXINX-26FEB12H1600-B6887", "trade_id": "56c260be-a703-77ab-b525-1a11539a24c7", "yes_price": 14, "yes_price_dollars": "0.1400"}
{"count": 978, "count_fp": "978.00", "created_time": "2026-02-12T20:21:12.002353Z", "no_price": 86, "no_price_dollars": "0.8600", "price": 0.14, "taker_side": "no", "ticker": "KXINX-26FEB12H1600-B6887", "trade_id": "0977d04f-5cdc-7f23-b035-8d3b0c91f833", "yes_price": 14, "yes_price_dollars": "0.1400"}
{"count": 2, "count_fp": "2.00", "created_time": "2026-02-12T20:20:42.585888Z", "no_price": 85, "no_price_dollars": "0.8500", "price": 0.15, "taker_side": "yes", "ticker": "KXINX-26FEB12H1600-B6887", "trade_id": "34496ea4-805b-76ec-0384-1f9dadd759f7", "yes_price": 15, "yes_price_dollars": "0.1500"}
{"count": 2, "count_fp": "2.00", "created_time": "2026-02-12T20:20:28.187843Z", "no_price": 84, "no_price_dollars": "0.8400", "price": 0.16, "taker_side": "no", "ticker": "KXINX-26FEB12H1600-B6887", "trade_id": "3840c7f5-70c4-4507-2bfe-72fcd5d8713a", "yes_price": 16, "yes_price_dollars": "0.1600"}
{"count": 1000, "count_fp": "1000.00", "created_time": "2026-02-12T20:20:20.974466Z", "no_price": 83, "no_price_dollars": "0.8300", "price": 0.17, "taker_side": "no", "ticker": "KXINX-26FEB12H1600-B6887", "trade_id": "0cbe0fb7-1513-4847-1087-7795f88f66c0", "yes_price": 17, "yes_price_dollars": "0.1700"}
{"count": 2, "count_fp": "2.00", "created_time": "2026-02-12T20:10:52.827917Z", "no_price": 75, "no_price_dollars": "0.7500", "price": 0.25, "taker_side": "yes", "ticker": "KXINX-26FEB12H1600-B6887", "trade_id": "137ddc54-bfd1-428c-f287-311401424b7f", "yes_price": 25, "yes_price_dollars": "0.2500"}
{"count": 12, "count_fp": "12.00", "created_time": "2026-02-12T20:10:36.598898Z", "no_price": 73, "no_price_dollars": "0.7300", "price": 0.27, "taker_side": "no", "ticker": "KXINX-26FEB12H1600-B6887", "trade_id": "fcafea89-ec14-411e-0666-576f1ea649b4", "yes_price": 27, "yes_price_dollars": "0.2700"}
{"count": 998, "count_fp": "998.00", "created_time": "2026-02-12T20:06:36.622382Z", "no_price": 59, "no_price_dollars": "0.5900", "price": 0.41, "taker_side": "no", "ticker": "KXINX-26FEB12H1600-B6887", "trade_id": "14cb1d89-17f6-4e5b-1185-db88186707a7", "yes_price": 41, "yes_price_dollars": "0.4100"}
{"count": 2, "count_fp": "2.00", "created_time": "2026-02-12T20:06:23.343594Z", "no_price": 59, "no_price_dollars": "0.5900", "price": 0.41, "taker_side": "yes", "ticker": "KXINX-26FEB12H1600-B6887", "trade_id": "33fbfb1a-b593-5fd1-30e1-8cf36c6b9f9a", "yes_price": 41, "yes_price_dollars": "0.4100"}
{"count": 350, "count_fp": "350.00", "created_time": "2026-02-12T20:05:53.70251Z", "no_price": 60, "no_price_dollars": "0.6000", "price": 0.4, "taker_side": "no", "ticker": "KXINX-26FEB12H1600-B6887", "trade_id": "d328387f-9eb8-508f-a3f0-7c1377a8b04b", "yes_price": 40, "yes_price_dollars": "0.4000"}
{"count": 1, "count_fp": "1.00", "created_time": "2026-02-12T20:03:36.165817Z", "no_price": 63, "no_price_dollars": "0.6300", "price": 0.37, "taker_side": "no", "ticker": "KXINX-26FEB12H1600-B6887", "trade_id": "922404d2-564d-4ba8-3939-ab48578fd57c", "yes_price": 37, "yes_price_dollars": "0.3700"}
{"count": 2, "count_fp": "2.00", "created_time": "2026-02-12T20:03:11.140669Z", "no_price": 62, "no_price_dollars": "0.6200", "price": 0.38, "taker_side": "yes", "ticker": "KXINX-26FEB12H1600-B6887", "trade_id": "059ce931-5665-6d89-b84c-87a46c25db2d", "yes_price": 38, "yes_price_dollars": "0.3800"}
{"count": 2, "count_fp": "2.00", "created_time": "2026-02-12T20:02:51.477299Z", "no_price": 61, "no_price_dollars": "0.6100", "price": 0.39, "taker_side": "yes", "ticker": "KXINX-26FEB12H1600-B6887", "trade_id": "8cf9d023-a5b1-4368-c809-b116113d31af", "yes_price": 39, "yes_price_dollars": "0.3900"}
{"count": 20, "count_fp": "20.00", "created_time": "2026-02-12T20:02:48.70215Z", "no_price": 60, "no_price_dollars": "0.6000", "price": 0.4, "taker_side": "no", "ticker": "KXINX-26FEB12H1600-B6887", "trade_id": "e34edc5b-7adb-4ba2-0274-9e486e15aa35", "yes_price": 40, "yes_price_dollars": "0.4000"}
{"count": 12, "count_fp": "12.00", "created_time": "2026-02-12T19:50:34.360372Z", "no_price": 55, "no_price_dollars": "0.5500", "price": 0.45, "taker_side": "yes", "ticker": "KXINX-26FEB12H1600-B6887", "trade_id": "03b85223-a884-7bfe-48b8-c520be981747", "yes_price": 45, "yes_price_dollars": "0.4500"}
{"count": 4, "count_fp": "4.00", "created_time": "2026-02-12T19:41:11.058411Z", "no_price": 60, "no_price_dollars": "0.6000", "price": 0.4, "taker_side": "yes", "ticker": "KXINX-26FEB12H1600-B6887", "trade_id": "ea6b5065-b772-6baf-bab8-549542614055", "yes_price": 40, "yes_price_dollars": "0.4000"}
{"count": 30, "count_fp": "30.00", "created_time": "2026-02-12T19:26:01.776751Z", "no_price": 67, "no_price_dollars": "0.6700", "price": 0.33, "taker_side": "no", "ticker": "KXINX-26FEB12H1600-B6887", "trade_id": "95e6fd6c-d96a-79c0-7b82-7a7f6c0f76f2", "yes_price": 33, "yes_price_dollars": "0.3300"}
{"count": 45, "count_fp": "45.00", "created_time": "2026-02-12T19:24:42.47492Z", "no_price": 62, "no_price_dollars": "0.6200", "price": 0.38, "taker_side": "no", "ticker": "KXINX-26FEB12H1600-B6887", "trade_id": "e473fb0e-fed1-76f8-7ca5-b6c2f1a03e77", "yes_price": 38, "yes_price_dollars": "0.3800"}
{"count": 12, "count_fp": "12.00", "created_time": "2026-02-12T19:24:03.71208Z", "no_price": 63, "no_price_dollars": "0.6300", "price": 0.37, "taker_side": "yes", "ticker": "KXINX-26FEB12H1600-B6887", "trade_id": "cd7ab362-868f-4cb8-599c-8d09fba9803f", "yes_price": 37, "yes_price_dollars": "0.3700"}
{"count": 50, "count_fp": "50.00", "created_time": "2026-02-12T19:23:57.27874Z", "no_price": 64, "no_price_dollars": "0.6400", "price": 0.36, "taker_side": "yes", "ticker": "KXINX-26FEB12H1600-B6887", "trade_id": "6590524d-a785-46e9-79bd-3c32215a21dc", "yes_price": 36, "yes_price_dollars": "0.3600"}
{"count": 110, "count_fp": "110.00", "created_time": "2026-02-12T19:20:52.488553Z", "no_price": 67, "no_price_dollars": "0.6700", "price": 0.33, "taker_side": "yes", "ticker": "KXINX-26FEB12H1600-B6887", "trade_id": "4262e4fa-2bf6-436c-4a11-1f10b2b78c20", "yes_price": 33, "yes_price_dollars": "0.3300"}
{"count": 12, "count_fp": "12.00", "created_time": "2026-02-12T18:51:43.123235Z", "no_price": 69, "no_price_dollars": "0.6900", "price": 0.31, "taker_side": "yes", "ticker": "KXINX-26FEB12H1600-B6887", "trade_id": "ae393542-b57e-45ea-c835-52baf9b090e4", "yes_price": 31, "yes_price_dollars": "0.3100"}
{"count": 13, "count_fp": "13.00", "created_time": "2026-02-12T18:43:03.139195Z", "no_price": 73, "no_price_dollars": "0.7300", "price": 0.27, "taker_side": "yes", "ticker": "KXINX-26FEB12H1600-B6887", "trade_id": "14dc62f9-2283-4208-ec8f-34972eb2f4cc", "yes_price": 27, "yes_price_dollars": "0.2700"}
{"count": 37, "count_fp": "37.00", "created_time": "2026-02-12T18:02:51.413185Z", "no_price": 74, "no_price_dollars": "0.7400", "price": 0.26, "taker_side": "yes", "ticker": "KXINX-26FEB12H1600-B6887", "trade_id": "2ab425ea-f615-6f93-2cda-cfce487699b9", "yes_price": 26, "yes_price_dollars": "0.2600"}
{"count": 350, "count_fp": "350.00", "created_time": "2026-02-12T17:16:32.282951Z", "no_price": 77, "no_price_dollars": "0.7700", "price": 0.23, "taker_side": "yes", "ticker": "KXINX-26FEB12H1600-B6887", "trade_id": "5857004b-6a40-5d7a-68bc-7f1e87b3bb26", "yes_price": 23, "yes_price_dollars": "0.2300"}
{"count": 100, "count_fp": "100.00", "created_time": "2026-02-12T16:46:44.6899Z", "no_price": 76, "no_price_dollars": "0.7600", "price": 0.24, "taker_side": "no", "ticker": "KXINX-26FEB12H1600-B6887", "trade_id": "dfbf1c2c-437f-549a-605b-b714027e959a", "yes_price": 24, "yes_price_dollars": "0.2400"}
{"count": 7, "count_fp": "7.00", "created_time": "2026-02-12T20:48:37.712497Z", "no_price": 86, "no_price_dollars": "0.8600", "price": 0.14, "taker_side": "yes", "ticker": "KXINX-26FEB12H1600-B6862", "trade_id": "b3e02ac2-2290-4f53-b9a1-733b24ac2547", "yes_price": 14, "yes_price_dollars": "0.1400"}
{"count": 2, "count_fp": "2.00", "created_time": "2026-02-12T20:47:33.643114Z", "no_price": 85, "no_price_dollars": "0.8500", "price": 0.15, "taker_side": "yes", "ticker": "KXINX-26FEB12H1600-B6862", "trade_id": "d49e3977-d9bf-48f5-24ae-b0fac3f10684", "yes_price": 15, "yes_price_dollars": "0.1500"}
{"count": 18, "count_fp": "18.00", "created_time": "2026-02-12T20:47:21.930691Z", "no_price": 84, "no_price_dollars": "0.8400", "price": 0.16, "taker_side": "no", "ticker": "KXINX-26FEB12H1600-B6862", "trade_id": "b7f47af3-2789-6a76-5a7e-275e84a9c042", "yes_price": 16, "yes_price_dollars": "0.1600"}
{"count": 2, "count_fp": "2.00", "created_time": "2026-02-12T20:47:02.793465Z", "no_price": 82, "no_price_dollars": "0.8200", "price": 0.18, "taker_side": "no", "ticker": "KXINX-26FEB12H1600-B6862", "trade_id": "23e3f913-5b7b-638c-53a1-5bcab918b7c6", "yes_price": 18, "yes_price_dollars": "0.1800"}
{"count": 20, "count_fp": "20.00", "created_time": "2026-02-12T20:46:41.22846Z", "no_price": 81, "no_price_dollars": "0.8100", "price": 0.19, "taker_side": "no", "ticker": "KXINX-26FEB12H1600-B6862", "trade_id": "4879604a-3cb5-6956-4a81-8ecdadd8e793", "yes_price": 19, "yes_price_dollars": "0.1900"}
{"count": 20, "count_fp": "20.00", "created_time": "2026-02-12T20:46:31.125786Z", "no_price": 77, "no_price_dollars": "0.7700", "price": 0.23, "taker_side": "no", "ticker": "KXINX-26FEB12H1600-B6862", "trade_id": "6fdc5787-8a88-606d-4ac6-4ac4d81b927b", "yes_price": 23, "yes_price_dollars": "0.2300"}
{"count": 20, "count_fp": "20.00", "created_time": "2026-02-12T20:45:53.451596Z", "no_price": 70, "no_price_dollars": "0.7000", "price": 0.3, "taker_side": "no", "ticker": "KXINX-26FEB12H1600-B6862", "trade_id": "3b92a143-e412-6865-78ca-eff5f83c9741", "yes_price": 30, "yes_price_dollars": "0.3000"}
{"count": 2, "count_fp": "2.00", "created_time": "2026-02-12T20:45:46.586043Z", "no_price": 70, "no_price_dollars": "0.7000", "price": 0.3, "taker_side": "no", "ticker": "KXINX-26FEB12H1600-B6862", "trade_id": "bfe7a795-d1c0-6487-741b-59f57e6b903a", "yes_price": 30, "yes_price_dollars": "0.3000"}
{"count": 2, "count_fp": "2.00", "created_time": "2026-02-12T20:45:38.470699Z", "no_price": 69, "no_price_dollars": "0.6900", "price": 0.31, "taker_side": "no", "ticker": "KXINX-26FEB12H1600-B6862", "trade_id": "dcd4bdb1-d213-6b1e-6521-539f77aedb24", "yes_price": 31, "yes_price_dollars": "0.3100"}
{"count": 20, "count_fp": "20.00", "created_time": "2026-02-12T20:45:32.327462Z", "no_price": 67, "no_price_dollars": "0.6700", "price": 0.33, "taker_side": "no", "ticker": "KXINX-26FEB12H1600-B6862", "trade_id": "96813937-d0b7-6c33-5eb4-ae0d3800f545", "yes_price": 33, "yes_price_dollars": "0.3300"}
{"count": 20, "count_fp": "20.00", "created_time": "2026-02-12T20:45:04.642475Z", "no_price": 65, "no_price_dollars": "0.6500", "price": 0.35, "taker_side": "no", "ticker": "KXINX-26FEB12H1600-B6862", "trade_id": "b4bccede-23fb-653e-72b1-a1cfd18cc99f", "yes_price": 35, "yes_price_dollars": "0.3500"}
{"count": 20, "count_fp": "20.00", "created_time": "2026-02-12T20:43:53.020496Z", "no_price": 68, "no_price_dollars": "0.6800", "price": 0.32, "taker_side": "no", "ticker": "KXINX-26FEB12H1600-B6862", "trade_id": "4ec08135-3d2a-716d-5f21-2e79c89d262f", "yes_price": 32, "yes_price_dollars": "0.3200"}
{"count": 2, "count_fp": "2.00", "created_time": "2026-02-12T20:43:48.137306Z", "no_price": 65, "no_price_dollars": "0.6500", "price": 0.35, "taker_side": "no", "ticker": "KXINX-26FEB12H1600-B6862", "trade_id": "167fe34d-a5e2-74e3-49e0-108702f72713", "yes_price": 35, "yes_price_dollars": "0.3500"}
{"count": 20, "count_fp": "20.00", "created_time": "2026-02-12T20:42:45.112789Z", "no_price": 64, "no_price_dollars": "0.6400", "price": 0.36, "taker_side": "no", "ticker": "KXINX-26FEB12H1600-B6862", "trade_id": "96030147-f824-70e3-6abd-b44dec1e6255", "yes_price": 36, "yes_price_dollars": "0.3600"}
{"count": 20, "count_fp": "20.00", "created_time": "2026-02-12T20:42:41.378576Z", "no_price": 61, "no_price_dollars": "0.6100", "price": 0.39, "taker_side": "no", "ticker": "KXINX-26FEB12H1600-B6862", "trade_id": "9cc370bc-29aa-7d25-5796-8830e773ac68", "yes_price": 39, "yes_price_dollars": "0.3900"}
{"count": 2, "count_fp": "2.00", "created_time": "2026-02-12T20:42:29.050863Z", "no_price": 57, "no_price_dollars": "0.5700", "price": 0.43, "taker_side": "yes", "ticker": "KXINX-26FEB12H1600-B6862", "trade_id": "2f17c4ed-24e0-4094-1b9d-64278a1b90a4", "yes_price": 43, "yes_price_dollars": "0.4300"}
{"count": 20, "count_fp": "20.00", "created_time": "2026-02-12T20:42:08.948714Z", "no_price": 56, "no_price_dollars": "0.5600", "price": 0.44, "taker_side": "no", "ticker": "KXINX-26FEB12H1600-B6862", "trade_id": "24bd7f51-074d-7f18-487c-ac4338cd38b4", "yes_price": 44, "yes_price_dollars": "0.4400"}
{"count": 20, "count_fp": "20.00", "created_time": "2026-02-12T20:41:59.914412Z", "no_price": 52, "no_price_dollars": "0.5200", "price": 0.48, "taker_side": "no", "ticker": "KXINX-26FEB12H1600-B6862", "trade_id": "ec861aa9-0d16-7d74-5803-4c07e0c98b03", "yes_price": 48, "yes_price_dollars": "0.4800"}
{"count": 13, "count_fp": "13.00", "created_time": "2026-02-12T20:41:52.167545Z", "no_price": 50, "no_price_dollars": "0.5000", "price": 0.5, "taker_side": "no", "ticker": "KXINX-26FEB12H1600-B6862", "trade_id": "78f8d428-2121-753d-572d-5bb21cacedad", "yes_price": 50, "yes_price_dollars": "0.5000"}
{"count": 1, "count_fp": "1.00", "created_time": "2026-02-12T20:40:53.303867Z", "no_price": 48, "no_price_dollars": "0.4800", "price": 0.52, "taker_side": "no", "ticker": "KXINX-26FEB12H1600-B6862", "trade_id": "85eae2af-2990-4b17-1ecb-b10c0a8e84f0", "yes_price": 52, "yes_price_dollars": "0.5200"}
{"count": 20, "count_fp": "20.00", "created_time": "2026-02-12T20:40:18.861465Z", "no_price": 50, "no_price_dollars": "0.5000", "price": 0.5, "taker_side": "yes", "ticker": "KXINX-26FEB12H1600-B6862", "trade_id": "07ff2962-9379-5d66-5cfd-020695079f45", "yes_price": 50, "yes_price_dollars": "0.5000"}
{"count": 20, "count_fp": "20.00", "created_time": "2026-02-12T20:39:02.601999Z", "no_price": 53, "no_price_dollars": "0.5300", "price": 0.47, "taker_side": "yes", "ticker": "KXINX-26FEB12H1600-B6862", "trade_id": "377ef3b3-9743-527b-3a76-e11f2b7c1587", "yes_price": 47, "yes_price_dollars": "0.4700"}
{"count": 2, "count_fp": "2.00", "created_time": "2026-02-12T20:36:13.041055Z", "no_price": 53, "no_price_dollars": "0.5300", "price": 0.47, "taker_side": "yes", "ticker": "KXINX-26FEB12H1600-B6862", "trade_id": "fa17daac-b656-5952-261d-867c6a6daae4", "yes_price": 47, "yes_price_dollars": "0.4700"}
{"count": 20, "count_fp": "20.00", "created_time": "2026-02-12T20:34:16.149319Z", "no_price": 54, "no_price_dollars": "0.5400", "price": 0.46, "taker_side": "yes", "ticker": "KXINX-26FEB12H1600-B6862", "trade_id": "b4da50bb-7066-54f2-378b-96d38a4a2e99", "yes_price": 46, "yes_price_dollars": "0.4600"}
{"count": 20, "count_fp": "20.00", "created_time": "2026-02-12T20:34:15.466407Z", "no_price": 54, "no_price_dollars": "0.5400", "price": 0.46, "taker_side": "yes", "ticker": "KXINX-26FEB12H1600-B6862", "trade_id": "b4dc04e5-7e90-5337-0636-40c450c72fd3", "yes_price": 46, "yes_price_dollars": "0.4600"}
{"count": 20, "count_fp": "20.00", "created_time": "2026-02-12T20:34:13.632149Z", "no_price": 54, "no_price_dollars": "0.5400", "price": 0.46, "taker_side": "yes", "ticker": "KXINX-26FEB12H1600-B6862", "trade_id": "59e955aa-46ce-5e5f-0734-6bd6889de6db", "yes_price": 46, "yes_price_dollars": "0.4600"}
{"count": 21, "count_fp": "21.00", "created_time": "2026-02-12T20:32:09.845852Z", "no_price": 62, "no_price_dollars": "0.6200", "price": 0.38, "taker_side": "no", "ticker": "KXINX-26FEB12H1600-B6862", "trade_id": "44166a3b-ad4b-4164-a75d-c4a22d2d0ccd", "yes_price": 38, "yes_price_dollars": "0.3800"}
{"count": 44, "count_fp": "44.00", "created_time": "2026-02-12T20:31:28.167925Z", "no_price": 50, "no_price_dollars": "0.5000", "price": 0.5, "taker_side": "no", "ticker": "KXINX-26FEB12H1600-B6862", "trade_id": "125e7e40-2999-4f48-bf45-b45834f54791", "yes_price": 50, "yes_price_dollars": "0.5000"}
{"count": 14, "count_fp": "14.00", "created_time": "2026-02-12T20:31:27.588972Z", "no_price": 49, "no_price_dollars": "0.4900", "price": 0.51, "taker_side": "no", "ticker": "KXINX-26FEB12H1600-B6862", "trade_id": "c43c8d58-2afa-4209-a256-617294fcf5c5", "yes_price": 51, "yes_price_dollars": "0.5100"}
{"count": 10, "count_fp": "10.00", "created_time": "2026-02-12T20:29:50.664849Z", "no_price": 49, "no_price_dollars": "0.4900", "price": 0.51, "taker_side": "no", "ticker": "KXINX-26FEB12H1600-B6862", "trade_id": "acc54dca-8d48-6ff3-9c6d-723a49afc902", "yes_price": 51, "yes_price_dollars": "0.5100"}
{"count": 2, "count_fp": "2.00", "created_time": "2026-02-12T20:29:50.664849Z", "no_price": 49, "no_price_dollars": "0.4900", "price": 0.51, "taker_side": "no", "ticker": "KXINX-26FEB12H1600-B6862", "trade_id": "2705626b-5481-6897-9b1f-741c5421b9ce", "yes_price": 51, "yes_price_dollars": "0.5100"}
{"count": 102, "count_fp": "102.00", "created_time": "2026-02-12T20:28:33.059655Z", "no_price": 48, "no_price_dollars": "0.4800", "price": 0.52, "taker_side": "no", "ticker": "KXINX-26FEB12H1600-B6862", "trade_id": "a7a28c2a-5136-7f1c-f819-3d17ccb2a9e5", "yes_price": 52, "yes_price_dollars": "0.5200"}
{"count": 150, "count_fp": "150.00", "created_time": "2026-02-12T20:19:09.536419Z", "no_price": 42, "no_price_dollars": "0.4200", "price": 0.58, "taker_side": "yes", "ticker": "KXINX-26FEB12H1600-B6862", "trade_id": "d5d62ff9-992e-4b87-5708-759bda3d8d5e", "yes_price": 58, "yes_price_dollars": "0.5800"}
{"count": 20, "count_fp": "20.00", "created_time": "2026-02-12T19:36:40.292019Z", "no_price": 62, "no_price_dollars": "0.6200", "price": 0.38, "taker_side": "no", "ticker": "KXINX-26FEB12H1600-B6862", "trade_id": "7d8dab7b-2be9-75cf-c029-c2cafcac9f69", "yes_price": 38, "yes_price_dollars": "0.3800"}
{"count": 2, "count_fp": "2.00", "created_time": "2026-02-12T19:36:40.292019Z", "no_price": 62, "no_price_dollars": "0.6200", "price": 0.38, "taker_side": "no", "ticker": "KXINX-26FEB12H1600-B6862", "trade_id": "5c1818e7-b029-76db-fcc6-fdfacc711fb7", "yes_price": 38, "yes_price_dollars": "0.3800"}
{"count": 12, "count_fp": "12.00", "created_time": "2026-02-12T18:16:14.812531Z", "no_price": 47, "no_price_dollars": "0.4700", "price": 0.53, "taker_side": "yes", "ticker": "KXINX-26FEB12H1600-B6862", "trade_id": "b7b939cb-0421-433b-8470-654255464922", "yes_price": 53, "yes_price_dollars": "0.5300"}
{"count": 2, "count_fp": "2.00", "created_time": "2026-02-12T18:16:14.812531Z", "no_price": 48, "no_price_dollars": "0.4800", "price": 0.52, "taker_side": "yes", "ticker": "KXINX-26FEB12H1600-B6862", "trade_id": "83d42b3a-850c-497e-b50e-7fcda65d0464", "yes_price": 52, "yes_price_dollars": "0.5200"}
{"count": 2, "count_fp": "2.00", "created_time": "2026-02-12T18:16:14.812531Z", "no_price": 48, "no_price_dollars": "0.4800", "price": 0.52, "taker_side": "yes", "ticker": "KXINX-26FEB12H1600-B6862", "trade_id": "3af427b0-b61d-4b00-a5c6-3c87e9a50041", "yes_price": 52, "yes_price_dollars": "0.5200"}
{"count": 7, "count_fp": "7.00", "created_time": "2026-02-12T18:16:14.812531Z", "no_price": 19, "no_price_dollars": "0.1900", "price": 0.81, "taker_side": "yes", "ticker": "KXINX-26FEB12H1600-B6862", "trade_id": "2465f862-2461-4b49-a31e-14ce1deef515", "yes_price": 81, "yes_price_dollars": "0.8100"}
{"count": 348, "count_fp": "348.00", "created_time": "2026-02-12T18:09:31.927686Z", "no_price": 70, "no_price_dollars": "0.7000", "price": 0.3, "taker_side": "yes", "ticker": "KXINX-26FEB12H1600-B6862", "trade_id": "5bf9417c-3571-7fe6-ad46-272ef6a737f0", "yes_price": 30, "yes_price_dollars": "0.3000"}
{"count": 2, "count_fp": "2.00", "created_time": "2026-02-12T18:09:09.252756Z", "no_price": 71, "no_price_dollars": "0.7100", "price": 0.29, "taker_side": "yes", "ticker": "KXINX-26FEB12H1600-B6862", "trade_id": "1b4b1709-69b5-7269-88cc-cab37b33416b", "yes_price": 29, "yes_price_dollars": "0.2900"}
{"count": 4, "count_fp": "4.00", "created_time": "2026-02-12T18:06:01.02853Z", "no_price": 71, "no_price_dollars": "0.7100", "price": 0.29, "taker_side": "yes", "ticker": "KXINX-26FEB12H1600-B6862", "trade_id": "0c3b2f58-c7d1-50e0-c833-e04707b4a117", "yes_price": 29, "yes_price_dollars": "0.2900"}
{"count": 8, "count_fp": "8.00", "created_time": "2026-02-12T18:05:31.878082Z", "no_price": 70, "no_price_dollars": "0.7000", "price": 0.3, "taker_side": "no", "ticker": "KXINX-26FEB12H1600-B6862", "trade_id": "31f687c5-00fb-5c68-2d9a-35cc93a2e76b", "yes_price": 30, "yes_price_dollars": "0.3000"}
{"count": 12, "count_fp": "12.00", "created_time": "2026-02-12T17:59:35.229844Z", "no_price": 69, "no_price_dollars": "0.6900", "price": 0.31, "taker_side": "yes", "ticker": "KXINX-26FEB12H1600-B6862", "trade_id": "f8c88b12-3a47-6443-af6f-f2b8e4e58e9e", "yes_price": 31, "yes_price_dollars": "0.3100"}
{"count": 12, "count_fp": "12.00", "created_time": "2026-02-12T17:59:35.229844Z", "no_price": 63, "no_price_dollars": "0.6300", "price": 0.37, "taker_side": "yes", "ticker": "KXINX-26FEB12H1600-B6862", "trade_id": "ae3518a3-bbcb-68da-ba3a-ade32a3ccbdd", "yes_price": 37, "yes_price_dollars": "0.3700"}
{"count": 110, "count_fp": "110.00", "created_time": "2026-02-12T17:59:35.229844Z", "no_price": 68, "no_price_dollars": "0.6800", "price": 0.32, "taker_side": "yes", "ticker": "KXINX-26FEB12H1600-B6862", "trade_id": "9fac2544-73c1-67fe-9a1b-6a80f6e0230e", "yes_price": 32, "yes_price_dollars": "0.3200"}
{"count": 12, "count_fp": "12.00", "created_time": "2026-02-12T17:59:35.229844Z", "no_price": 55, "no_price_dollars": "0.5500", "price": 0.45, "taker_side": "yes", "ticker": "KXINX-26FEB12H1600-B6862", "trade_id": "3f3731a8-0b05-6ba0-9abc-cf808c3b5f6a", "yes_price": 45, "yes_price_dollars": "0.4500"}
{"count": 16, "count_fp": "16.00", "created_time": "2026-02-12T17:53:49.853454Z", "no_price": 71, "no_price_dollars": "0.7100", "price": 0.29, "taker_side": "yes", "ticker": "KXINX-26FEB12H1600-B6862", "trade_id": "641ceb87-cbab-7691-645e-caaf1f90b93d", "yes_price": 29, "yes_price_dollars": "0.2900"}
{"count": 361, "count_fp": "361.00", "created_time": "2026-02-12T17:40:25.352893Z", "no_price": 73, "no_price_dollars": "0.7300", "price": 0.27, "taker_side": "yes", "ticker": "KXINX-26FEB12H1600-B6862", "trade_id": "0fe02da9-da79-5497-3d7c-051d153ae35c", "yes_price": 27, "yes_price_dollars": "0.2700"}
{"count": 37, "count_fp": "37.00", "created_time": "2026-02-12T17:03:55.393744Z", "no_price": 74, "no_price_dollars": "0.7400", "price": 0.26, "taker_side": "yes", "ticker": "KXINX-26FEB12H1600-B6862", "trade_id": "57d69b69-6945-4597-78d0-65a3dbc26b40", "yes_price": 26, "yes_price_dollars": "0.2600"}
{"count": 102, "count_fp": "102.00", "created_time": "2026-02-12T16:48:08.401807Z", "no_price": 76, "no_price_dollars": "0.7600", "price": 0.24, "taker_side": "yes", "ticker": "KXINX-26FEB12H1600-B6862", "trade_id": "858ac7a9-b5b5-5677-b7b3-c75551810e90", "yes_price": 24, "yes_price_dollars": "0.2400"}
{"count": 32, "count_fp": "32.00", "created_time": "2026-02-12T16:01:32.68874Z", "no_price": 85, "no_price_dollars": "0.8500", "price": 0.15, "taker_side": "yes", "ticker": "KXINX-26FEB12H1600-B6862", "trade_id": "63797ab4-3141-5b1f-65d9-cc7f4434dae0", "yes_price": 15, "yes_price_dollars": "0.1500"}
{"count": 1, "count_fp": "1.00", "created_time": "2026-02-12T15:57:56.709388Z", "no_price": 91, "no_price_dollars": "0.9100", "price": 0.09, "taker_side": "yes", "ticker": "KXINX-26FEB12H1600-B6862", "trade_id": "ad4e826d-9766-43b5-2f01-8d00af90cca0", "yes_price": 9, "yes_price_dollars": "0.0900"}
{"count": 100, "count_fp": "100.00", "created_time": "2026-02-12T20:59:59.21609Z", "no_price": 1, "no_price_dollars": "0.0100", "price": 0.99, "taker_side": "yes", "ticker": "KXINX-26FEB12H1600-B6837", "trade_id": "a9e0400d-43e1-463c-86c6-0ca5d73707b2", "yes_price": 99, "yes_price_dollars": "0.9900"}
{"count": 100, "count_fp": "100.00", "created_time": "2026-02-12T20:59:57.756672Z", "no_price": 1, "no_price_dollars": "0.0100", "price": 0.99, "taker_side": "yes", "ticker": "KXINX-26FEB12H1600-B6837", "trade_id": "e1ec0cd8-5169-57d0-e23d-6dd7b3c22682", "yes_price": 99, "yes_price_dollars": "0.9900"}
{"count": 50, "count_fp": "50.00", "created_time": "2026-02-12T20:59:46.804342Z", "no_price": 1, "no_price_dollars": "0.0100", "price": 0.99, "taker_side": "yes", "ticker": "KXINX-26FEB12H1600-B6837", "trade_id": "1aa2f093-7ead-49f0-8b32-2d2baca7bfe6", "yes_price": 99, "yes_price_dollars": "0.9900"}
{"count": 5, "count_fp": "5.00", "created_time": "2026-02-12T20:57:01.202121Z", "no_price": 1, "no_price_dollars": "0.0100", "price": 0.99, "taker_side": "yes", "ticker": "KXINX-26FEB12H1600-B6837", "trade_id": "50a06a4d-c635-5d34-2837-d42fc80b1faa", "yes_price": 99, "yes_price_dollars": "0.9900"}
{"count": 50, "count_fp": "50.00", "created_time": "2026-02-12T20:55:38.958455Z", "no_price": 12, "no_price_dollars": "0.1200", "price": 0.88, "taker_side": "yes", "ticker": "KXINX-26FEB12H1600-B6837", "trade_id": "a266b5b8-3862-5f03-2d8e-4e26f15a7388", "yes_price": 88, "yes_price_dollars": "0.8800"}
{"count": 2, "count_fp": "2.00", "created_time": "2026-02-12T20:55:36.927961Z", "no_price": 13, "no_price_dollars": "0.1300", "price": 0.87, "taker_side": "yes", "ticker": "KXINX-26FEB12H1600-B6837", "trade_id": "463a8766-b4b1-72a8-e87c-dffa3ea25a56", "yes_price": 87, "yes_price_dollars": "0.8700"}
{"count": 12, "count_fp": "12.00", "created_time": "2026-02-12T20:53:24.48518Z", "no_price": 54, "no_price_dollars": "0.5400", "price": 0.46, "taker_side": "yes", "ticker": "KXINX-26FEB12H1600-B6837", "trade_id": "0ed921e7-d4c3-656b-6ce5-7b4fb8e98ba3", "yes_price": 46, "yes_price_dollars": "0.4600"}
{"count": 1, "count_fp": "1.00", "created_time": "2026-02-12T20:53:21.489969Z", "no_price": 15, "no_price_dollars": "0.1500", "price": 0.85, "taker_side": "yes", "ticker": "KXINX-26FEB12H1600-B6837", "trade_id": "de141d5c-6398-444f-0a12-0da1b5458002", "yes_price": 85, "yes_price_dollars": "0.8500"}
{"count": 60, "count_fp": "60.00", "created_time": "2026-02-12T20:53:21.489969Z", "no_price": 14, "no_price_dollars": "0.1400", "price": 0.86, "taker_side": "yes", "ticker": "KXINX-26FEB12H1600-B6837", "trade_id": "146ea326-32a2-4a8a-3501-12cd9ac50d8c", "yes_price": 86, "yes_price_dollars": "0.8600"}
{"count": 12, "count_fp": "12.00", "created_time": "2026-02-12T20:53:18.529619Z", "no_price": 54, "no_price_dollars": "0.5400", "price": 0.46, "taker_side": "yes", "ticker": "KXINX-26FEB12H1600-B6837", "trade_id": "d9762049-1e6b-7f22-cf5f-eadb91a1d645", "yes_price": 46, "yes_price_dollars": "0.4600"}
{"count": 2, "count_fp": "2.00", "created_time": "2026-02-12T20:53:03.390208Z", "no_price": 21, "no_price_dollars": "0.2100", "price": 0.79, "taker_side": "yes", "ticker": "KXINX-26FEB12H1600-B6837", "trade_id": "fe16d12d-f07b-7664-8294-b7ac921ae243", "yes_price": 79, "yes_price_dollars": "0.7900"}
{"count": 2, "count_fp": "2.00", "created_time": "2026-02-12T20:53:03.390208Z", "no_price": 21, "no_price_dollars": "0.2100", "price": 0.79, "taker_side": "yes", "ticker": "KXINX-26FEB12H1600-B6837", "trade_id": "c541f15d-1057-77b8-9b21-e13a24d42602", "yes_price": 79, "yes_price_dollars": "0.7900"}
{"count": 29, "count_fp": "29.00", "created_time": "2026-02-12T20:53:03.390208Z", "no_price": 20, "no_price_dollars": "0.2000", "price": 0.8, "taker_side": "yes", "ticker": "KXINX-26FEB12H1600-B6837", "trade_id": "af92d485-3429-78c3-9c31-e0fe6f9b0f4e", "yes_price": 80, "yes_price_dollars": "0.8000"}
{"count": 1, "count_fp": "1.00", "created_time": "2026-02-12T20:50:08.68068Z", "no_price": 26, "no_price_dollars": "0.2600", "price": 0.74, "taker_side": "no", "ticker": "KXINX-26FEB12H1600-B6837", "trade_id": "cbd3f9b6-14af-7465-bcde-8f5564a2a12d", "yes_price": 74, "yes_price_dollars": "0.7400"}
{"count": 3, "count_fp": "3.00", "created_time": "2026-02-12T20:50:08.68068Z", "no_price": 26, "no_price_dollars": "0.2600", "price": 0.74, "taker_side": "no", "ticker": "KXINX-26FEB12H1600-B6837", "trade_id": "5ceb2fa8-a396-7600-b8d6-8b36f89c9f1b", "yes_price": 74, "yes_price_dollars": "0.7400"}
{"count": 100, "count_fp": "100.00", "created_time": "2026-02-12T20:50:08.68068Z", "no_price": 26, "no_price_dollars": "0.2600", "price": 0.74, "taker_side": "no", "ticker": "KXINX-26FEB12H1600-B6837", "trade_id": "4fa0a656-01e6-7482-b697-b3df0c432ff4", "yes_price": 74, "yes_price_dollars": "0.7400"}
{"count": 12, "count_fp": "12.00", "created_time": "2026-02-12T20:48:48.71593Z", "no_price": 19, "no_price_dollars": "0.1900", "price": 0.81, "taker_side": "yes", "ticker": "KXINX-26FEB12H1600-B6837", "trade_id": "70f2173a-3a57-5ec9-2d48-380bb55db37f", "yes_price": 81, "yes_price_dollars": "0.8100"}
{"count": 1, "count_fp": "1.00", "created_time": "2026-02-12T20:48:23.214765Z", "no_price": 23, "no_price_dollars": "0.2300", "price": 0.77, "taker_side": "yes", "ticker": "KXINX-26FEB12H1600-B6837", "trade_id": "f90b0946-3aca-5ce5-f2e9-8688d6042bc5", "yes_price": 77, "yes_price_dollars": "0.7700"}
{"count": 13, "count_fp": "13.00", "created_time": "2026-02-12T20:46:33.581432Z", "no_price": 26, "no_price_dollars": "0.2600", "price": 0.74, "taker_side": "yes", "ticker": "KXINX-26FEB12H1600-B6837", "trade_id": "6cf27c36-a006-7481-d622-dff13fe4caf2", "yes_price": 74, "yes_price_dollars": "0.7400"}
{"count": 12, "count_fp": "12.00", "created_time": "2026-02-12T20:42:36.19952Z", "no_price": 47, "no_price_dollars": "0.4700", "price": 0.53, "taker_side": "yes", "ticker": "KXINX-26FEB12H1600-B6837", "trade_id": "3322c400-3346-6296-9706-42dbecf7fd1d", "yes_price": 53, "yes_price_dollars": "0.5300"}
{"count": 20, "count_fp": "20.00", "created_time": "2026-02-12T20:42:12.342433Z", "no_price": 48, "no_price_dollars": "0.4800", "price": 0.52, "taker_side": "yes", "ticker": "KXINX-26FEB12H1600-B6837", "trade_id": "ae11eeb0-4aa2-68c8-8155-1b5eb50c75f5", "yes_price": 52, "yes_price_dollars": "0.5200"}
{"count": 20, "count_fp": "20.00", "created_time": "2026-02-12T20:41:11.060686Z", "no_price": 60, "no_price_dollars": "0.6000", "price": 0.4, "taker_side": "no", "ticker": "KXINX-26FEB12H1600-B6837", "trade_id": "0fd4122a-b1b1-5826-51f9-48f62a620f69", "yes_price": 40, "yes_price_dollars": "0.4000"}
{"count": 20, "count_fp": "20.00", "created_time": "2026-02-12T20:35:19.553307Z", "no_price": 52, "no_price_dollars": "0.5200", "price": 0.48, "taker_side": "yes", "ticker": "KXINX-26FEB12H1600-B6837", "trade_id": "f9f74a07-2f3e-7f8f-e48a-9a7d9ecca8e5", "yes_price": 48, "yes_price_dollars": "0.4800"}
{"count": 20, "count_fp": "20.00", "created_time": "2026-02-12T20:35:09.781059Z", "no_price": 54, "no_price_dollars": "0.5400", "price": 0.46, "taker_side": "yes", "ticker": "KXINX-26FEB12H1600-B6837", "trade_id": "a8a47595-c0d6-7be7-de28-598e9d7604f9", "yes_price": 46, "yes_price_dollars": "0.4600"}
{"count": 20, "count_fp": "20.00", "created_time": "2026-02-12T20:35:05.266868Z", "no_price": 54, "no_price_dollars": "0.5400", "price": 0.46, "taker_side": "yes", "ticker": "KXINX-26FEB12H1600-B6837", "trade_id": "1c565cb9-29ce-798d-e66b-bd65c781102b", "yes_price": 46, "yes_price_dollars": "0.4600"}
{"count": 20, "count_fp": "20.00", "created_time": "2026-02-12T20:34:55.650599Z", "no_price": 54, "no_price_dollars": "0.5400", "price": 0.46, "taker_side": "yes", "ticker": "KXINX-26FEB12H1600-B6837", "trade_id": "f072a235-927b-7d80-cf1c-ad897ff7ed77", "yes_price": 46, "yes_price_dollars": "0.4600"}
{"count": 20, "count_fp": "20.00", "created_time": "2026-02-12T20:34:50.511644Z", "no_price": 55, "no_price_dollars": "0.5500", "price": 0.45, "taker_side": "yes", "ticker": "KXINX-26FEB12H1600-B6837", "trade_id": "5ddeb5bb-77da-7b49-c237-692abe946d8f", "yes_price": 45, "yes_price_dollars": "0.4500"}
{"count": 13, "count_fp": "13.00", "created_time": "2026-02-12T20:34:00.753357Z", "no_price": 53, "no_price_dollars": "0.5300", "price": 0.47, "taker_side": "no", "ticker": "KXINX-26FEB12H1600-B6837", "trade_id": "afb4a756-d3de-5b83-a704-b02fd77d7a87", "yes_price": 47, "yes_price_dollars": "0.4700"}
{"count": 12, "count_fp": "12.00", "created_time": "2026-02-12T20:31:56.112056Z", "no_price": 55, "no_price_dollars": "0.5500", "price": 0.45, "taker_side": "yes", "ticker": "KXINX-26FEB12H1600-B6837", "trade_id": "52240197-db96-7e62-d0c1-1afa32dcdeb2", "yes_price": 45, "yes_price_dollars": "0.4500"}
{"count": 21, "count_fp": "21.00", "created_time": "2026-02-12T20:31:15.405147Z", "no_price": 61, "no_price_dollars": "0.6100", "price": 0.39, "taker_side": "no", "ticker": "KXINX-26FEB12H1600-B6837", "trade_id": "474b92b8-750a-51b1-8545-1a58bb9259c6", "yes_price": 39, "yes_price_dollars": "0.3900"}
{"count": 10, "count_fp": "10.00", "created_time": "2026-02-12T20:31:07.839966Z", "no_price": 60, "no_price_dollars": "0.6000", "price": 0.4, "taker_side": "yes", "ticker": "KXINX-26FEB12H1600-B6837", "trade_id": "c9d96485-be9d-7975-dcf8-ddfdf33d6cc5", "yes_price": 40, "yes_price_dollars": "0.4000"}
{"count": 1, "count_fp": "1.00", "created_time": "2026-02-12T20:30:03.790415Z", "no_price": 61, "no_price_dollars": "0.6100", "price": 0.39, "taker_side": "no", "ticker": "KXINX-26FEB12H1600-B6837", "trade_id": "90536f9e-84ec-5bc3-b7c2-a07a8bfebb16", "yes_price": 39, "yes_price_dollars": "0.3900"}
{"count": 12, "count_fp": "12.00", "created_time": "2026-02-12T20:29:50.664775Z", "no_price": 61, "no_price_dollars": "0.6100", "price": 0.39, "taker_side": "no", "ticker": "KXINX-26FEB12H1600-B6837", "trade_id": "4fe18555-5a2c-642b-4e4b-d6bc9978a5ea", "yes_price": 39, "yes_price_dollars": "0.3900"}
{"count": 12, "count_fp": "12.00", "created_time": "2026-02-12T20:29:49.301271Z", "no_price": 63, "no_price_dollars": "0.6300", "price": 0.37, "taker_side": "yes", "ticker": "KXINX-26FEB12H1600-B6837", "trade_id": "96e3bc5a-d3b1-7a37-f17f-7028c0d95dce", "yes_price": 37, "yes_price_dollars": "0.3700"}
{"count": 10, "count_fp": "10.00", "created_time": "2026-02-12T20:26:26.516744Z", "no_price": 68, "no_price_dollars": "0.6800", "price": 0.32, "taker_side": "yes", "ticker": "KXINX-26FEB12H1600-B6837", "trade_id": "964a7262-0efc-7fd9-e267-9dfdc3073dab", "yes_price": 32, "yes_price_dollars": "0.3200"}
{"count": 12, "count_fp": "12.00", "created_time": "2026-02-12T20:23:48.400841Z", "no_price": 69, "no_price_dollars": "0.6900", "price": 0.31, "taker_side": "yes", "ticker": "KXINX-26FEB12H1600-B6837", "trade_id": "6a0f63ae-2bd2-7692-fbb1-9d1646b1c549", "yes_price": 31, "yes_price_dollars": "0.3100"}
{"count": 53, "count_fp": "53.00", "created_time": "2026-02-12T20:21:06.694063Z", "no_price": 72, "no_price_dollars": "0.7200", "price": 0.28, "taker_side": "no", "ticker": "KXINX-26FEB12H1600-B6837", "trade_id": "6650bd65-4ed8-5d7a-addf-5cd53ef9736d", "yes_price": 28, "yes_price_dollars": "0.2800"}
{"count": 200, "count_fp": "200.00", "created_time": "2026-02-12T20:18:05.802069Z", "no_price": 77, "no_price_dollars": "0.7700", "price": 0.23, "taker_side": "yes", "ticker": "KXINX-26FEB12H1600-B6837", "trade_id": "36920ab5-3390-653a-c1d3-49a06d21c78e", "yes_price": 23, "yes_price_dollars": "0.2300"}
{"count": 10, "count_fp": "10.00", "created_time": "2026-02-12T20:15:13.274196Z", "no_price": 87, "no_price_dollars": "0.8700", "price": 0.13, "taker_side": "yes", "ticker": "KXINX-26FEB12H1600-B6837", "trade_id": "9fb958d4-8099-72c0-c504-42fa418ac051", "yes_price": 13, "yes_price_dollars": "0.1300"}
{"count": 110, "count_fp": "110.00", "created_time": "2026-02-12T19:02:23.726195Z", "no_price": 85, "no_price_dollars": "0.8500", "price": 0.15, "taker_side": "no", "ticker": "KXINX-26FEB12H1600-B6837", "trade_id": "39d4f2dc-33b7-4d38-5b91-e0c65e8b3419", "yes_price": 15, "yes_price_dollars": "0.1500"}
{"count": 28, "count_fp": "28.00", "created_time": "2026-02-12T19:00:38.771061Z", "no_price": 80, "no_price_dollars": "0.8000", "price": 0.2, "taker_side": "yes", "ticker": "KXINX-26FEB12H1600-B6837", "trade_id": "1807bdee-0251-400f-bfdd-c09f30598c9c", "yes_price": 20, "yes_price_dollars": "0.2000"}
{"count": 20, "count_fp": "20.00", "created_time": "2026-02-12T18:44:47.939846Z", "no_price": 80, "no_price_dollars": "0.8000", "price": 0.2, "taker_side": "no", "ticker": "KXINX-26FEB12H1600-B6837", "trade_id": "74a295ea-399c-5625-7bc7-9cc3cf89ac9f", "yes_price": 20, "yes_price_dollars": "0.2000"}
{"count": 110, "count_fp": "110.00", "created_time": "2026-02-12T18:03:35.121985Z", "no_price": 75, "no_price_dollars": "0.7500", "price": 0.25, "taker_side": "yes", "ticker": "KXINX-26FEB12H1600-B6837", "trade_id": "048ec3cf-ea27-6b10-e66a-ff17e407ecb8", "yes_price": 25, "yes_price_dollars": "0.2500"}
{"count": 19, "count_fp": "19.00", "created_time": "2026-02-12T17:54:26.645803Z", "no_price": 76, "no_price_dollars": "0.7600", "price": 0.24, "taker_side": "yes", "ticker": "KXINX-26FEB12H1600-B6837", "trade_id": "5e364e14-87a4-6c37-0e9e-88fb5d4c5205", "yes_price": 24, "yes_price_dollars": "0.2400"}
{"count": 4, "count_fp": "4.00", "created_time": "2026-02-12T17:09:46.543654Z", "no_price": 80, "no_price_dollars": "0.8000", "price": 0.2, "taker_side": "yes", "ticker": "KXINX-26FEB12H1600-B6837", "trade_id": "3a4b1408-8fd9-56e0-89a3-7ab1208cff47", "yes_price": 20, "yes_price_dollars": "0.2000"}
{"count": 1, "count_fp": "1.00", "created_time": "2026-02-12T15:55:02.315976Z", "no_price": 97, "no_price_dollars": "0.9700", "price": 0.03, "taker_side": "no", "ticker": "KXINX-26FEB12H1600-B6837", "trade_id": "e658d34b-4de8-5647-14e6-a6539bcafde3", "yes_price": 3, "yes_price_dollars": "0.0300"}
{"count": 12, "count_fp": "12.00", "created_time": "2026-02-12T20:51:34.273769Z", "no_price": 55, "no_price_dollars": "0.5500", "price": 0.45, "taker_side": "yes", "ticker": "KXINX-26FEB12H1600-B6812", "trade_id": "e9d980f7-5698-7530-8bdc-dbf8b6807676", "yes_price": 45, "yes_price_dollars": "0.4500"}
{"count": 12, "count_fp": "12.00", "created_time": "2026-02-12T20:51:17.504415Z", "no_price": 63, "no_price_dollars": "0.6300", "price": 0.37, "taker_side": "yes", "ticker": "KXINX-26FEB12H1600-B6812", "trade_id": "4ca21dd2-1403-6462-9040-529cdea3021f", "yes_price": 37, "yes_price_dollars": "0.3700"}
{"count": 12, "count_fp": "12.00", "created_time": "2026-02-12T20:50:58.594928Z", "no_price": 69, "no_price_dollars": "0.6900", "price": 0.31, "taker_side": "yes", "ticker": "KXINX-26FEB12H1600-B6812", "trade_id": "64c69740-615c-7c9c-bed7-15b757ea5323", "yes_price": 31, "yes_price_dollars": "0.3100"}
{"count": 110, "count_fp": "110.00", "created_time": "2026-02-12T20:50:07.607726Z", "no_price": 80, "no_price_dollars": "0.8000", "price": 0.2, "taker_side": "yes", "ticker": "KXINX-26FEB12H1600-B6812", "trade_id": "6ae0ca74-bf92-52ee-77cf-367eaede4fc4", "yes_price": 20, "yes_price_dollars": "0.2000"}
{"count": 10, "count_fp": "10.00", "created_time": "2026-02-12T20:32:14.607748Z", "no_price": 92, "no_price_dollars": "0.9200", "price": 0.08, "taker_side": "yes", "ticker": "KXINX-26FEB12H1600-B6812", "trade_id": "100b2825-ab3f-43c7-0325-397e0dbf238a", "yes_price": 8, "yes_price_dollars": "0.0800"}
{"count": 3, "count_fp": "3.00", "created_time": "2026-02-12T20:30:20.316273Z", "no_price": 97, "no_price_dollars": "0.9700", "price": 0.03, "taker_side": "yes", "ticker": "KXINX-26FEB12H1600-B6812", "trade_id": "ff823980-8506-4c85-150c-3306a6f91c9a", "yes_price": 3, "yes_price_dollars": "0.0300"}
{"count": 13, "count_fp": "13.00", "created_time": "2026-02-12T20:30:20.316273Z", "no_price": 97, "no_price_dollars": "0.9700", "price": 0.03, "taker_side": "yes", "ticker": "KXINX-26FEB12H1600-B6812", "trade_id": "3666f3f1-4435-4018-3d68-425277dac105", "yes_price": 3, "yes_price_dollars": "0.0300"}
{"count": 12, "count_fp": "12.00", "created_time": "2026-02-12T20:29:50.6698Z", "no_price": 97, "no_price_dollars": "0.9700", "price": 0.03, "taker_side": "no", "ticker": "KXINX-26FEB12H1600-B6812", "trade_id": "b241090f-832c-6122-141d-4e09f83d136f", "yes_price": 3, "yes_price_dollars": "0.0300"}
{"count": 50, "count_fp": "50.00", "created_time": "2026-02-12T20:51:36.199253Z", "no_price": 99, "no_price_dollars": "0.9900", "price": 0.01, "taker_side": "yes", "ticker": "KXINX-26FEB12H1600-B6587", "trade_id": "6109f535-658d-749a-4fb7-bd06b61afed7", "yes_price": 1, "yes_price_dollars": "0.0100"}
{"count": 100, "count_fp": "100.00", "created_time": "2026-02-12T16:17:55.440387Z", "no_price": 98, "no_price_dollars": "0.9800", "price": 0.02, "taker_side": "yes", "ticker": "KXINX-26FEB13H1600-T7124.9999", "trade_id": "ecf13377-0763-6d4e-9388-c34f07d5469c", "yes_price": 2, "yes_price_dollars": "0.0200"}
{"count": 50, "count_fp": "50.00", "created_time": "2026-02-12T16:17:55.440387Z", "no_price": 99, "no_price_dollars": "0.9900", "price": 0.01, "taker_side": "yes", "ticker": "KXINX-26FEB13H1600-T7124.9999", "trade_id": "66d56fe7-d386-6446-862c-d41143aeb576", "yes_price": 1, "yes_price_dollars": "0.0100"}
{"count": 70, "count_fp": "70.00", "created_time": "2026-02-12T16:17:55.440387Z", "no_price": 97, "no_price_dollars": "0.9700", "price": 0.03, "taker_side": "yes", "ticker": "KXINX-26FEB13H1600-T7124.9999", "trade_id": "4a7f8370-2129-61f4-ba68-586952420d0c", "yes_price": 3, "yes_price_dollars": "0.0300"}
{"count": 20, "count_fp": "20.00", "created_time": "2026-02-12T16:17:55.440387Z", "no_price": 99, "no_price_dollars": "0.9900", "price": 0.01, "taker_side": "yes", "ticker": "KXINX-26FEB13H1600-T7124.9999", "trade_id": "022bc2b6-4511-646e-aa5c-868488df7e02", "yes_price": 1, "yes_price_dollars": "0.0100"}
{"count": 2, "count_fp": "2.00", "created_time": "2026-02-12T03:55:45.172145Z", "no_price": 62, "no_price_dollars": "0.6200", "price": 0.38, "taker_side": "no", "ticker": "KXINX-26FEB13H1600-T7124.9999", "trade_id": "b2ddfd8a-c6e7-72af-7df4-56189fb1af51", "yes_price": 38, "yes_price_dollars": "0.3800"}
{"count": 2, "count_fp": "2.00", "created_time": "2026-02-12T03:52:21.851851Z", "no_price": 63, "no_price_dollars": "0.6300", "price": 0.37, "taker_side": "no", "ticker": "KXINX-26FEB13H1600-T7124.9999", "trade_id": "252f8d25-974a-60b1-8d78-fd1bdaa871c7", "yes_price": 37, "yes_price_dollars": "0.3700"}
{"count": 399, "count_fp": "399.00", "created_time": "2026-02-12T02:03:32.37572Z", "no_price": 55, "no_price_dollars": "0.5500", "price": 0.45, "taker_side": "yes", "ticker": "KXINX-26FEB13H1600-T7124.9999", "trade_id": "6a3bc3b1-c761-7bff-a9c2-11e56141dae3", "yes_price": 45, "yes_price_dollars": "0.4500"}
{"count": 1, "count_fp": "1.00", "created_time": "2026-02-12T02:03:32.37572Z", "no_price": 99, "no_price_dollars": "0.9900", "price": 0.01, "taker_side": "yes", "ticker": "KXINX-26FEB13H1600-T7124.9999", "trade_id": "36840a9b-f803-77e4-afd8-337f98675b29", "yes_price": 1, "yes_price_dollars": "0.0100"}
{"count": 103, "count_fp": "103.00", "created_time": "2026-02-12T02:02:35.552706Z", "no_price": 96, "no_price_dollars": "0.9600", "price": 0.04, "taker_side": "no", "ticker": "KXINX-26FEB13H1600-T7124.9999", "trade_id": "f0ccedc3-8bc3-63a7-eaae-017e08ec5eb6", "yes_price": 4, "yes_price_dollars": "0.0400"}
{"count": 50, "count_fp": "50.00", "created_time": "2026-02-12T02:02:35.552706Z", "no_price": 95, "no_price_dollars": "0.9500", "price": 0.05, "taker_side": "no", "ticker": "KXINX-26FEB13H1600-T7124.9999", "trade_id": "f06c8c47-19ad-6ed8-c128-c628fb96b75f", "yes_price": 5, "yes_price_dollars": "0.0500"}
{"count": 6950, "count_fp": "6950.00", "created_time": "2026-02-12T02:02:35.552706Z", "no_price": 99, "no_price_dollars": "0.9900", "price": 0.01, "taker_side": "no", "ticker": "KXINX-26FEB13H1600-T7124.9999", "trade_id": "7672b4a0-dfe0-6403-f88c-08381e267096", "yes_price": 1, "yes_price_dollars": "0.0100"}
{"count": 240, "count_fp": "240.00", "created_time": "2026-02-12T02:02:35.552706Z", "no_price": 97, "no_price_dollars": "0.9700", "price": 0.03, "taker_side": "no", "ticker": "KXINX-26FEB13H1600-T7124.9999", "trade_id": "5025d72e-b1ef-6637-d262-483b60a51d1d", "yes_price": 3, "yes_price_dollars": "0.0300"}
{"count": 54, "count_fp": "54.00", "created_time": "2026-02-12T02:02:35.552706Z", "no_price": 99, "no_price_dollars": "0.9900", "price": 0.01, "taker_side": "no", "ticker": "KXINX-26FEB13H1600-T7124.9999", "trade_id": "0803d613-1a32-69b2-ff43-c86b2b4c0bde", "yes_price": 1, "yes_price_dollars": "0.0100"}
{"count": 6950, "count_fp": "6950.00", "created_time": "2026-02-12T02:01:41.619685Z", "no_price": 50, "no_price_dollars": "0.5000", "price": 0.5, "taker_side": "yes", "ticker": "KXINX-26FEB13H1600-T7124.9999", "trade_id": "4e6c3cc6-3383-4e1f-6882-e39f832f9495", "yes_price": 50, "yes_price_dollars": "0.5000"}
{"count": 50, "count_fp": "50.00", "created_time": "2026-02-12T02:01:41.619685Z", "no_price": 52, "no_price_dollars": "0.5200", "price": 0.48, "taker_side": "yes", "ticker": "KXINX-26FEB13H1600-T7124.9999", "trade_id": "408771cd-fb77-4706-61ca-9367279dd1ab", "yes_price": 48, "yes_price_dollars": "0.4800"}
{"count": 400, "count_fp": "400.00", "created_time": "2026-02-12T02:01:41.619685Z", "no_price": 51, "no_price_dollars": "0.5100", "price": 0.49, "taker_side": "yes", "ticker": "KXINX-26FEB13H1600-T7124.9999", "trade_id": "3ac1bfdd-6426-45c1-6d96-7c990504e1fc", "yes_price": 49, "yes_price_dollars": "0.4900"}
{"count": 1, "count_fp": "1.00", "created_time": "2026-02-12T02:01:32.110767Z", "no_price": 99, "no_price_dollars": "0.9900", "price": 0.01, "taker_side": "yes", "ticker": "KXINX-26FEB13H1600-T7124.9999", "trade_id": "cc876aec-3823-489d-b954-d90a0b7740b5", "yes_price": 1, "yes_price_dollars": "0.0100"}
{"count": 6400, "count_fp": "6400.00", "created_time": "2026-02-12T01:59:33.049484Z", "no_price": 99, "no_price_dollars": "0.9900", "price": 0.01, "taker_side": "no", "ticker": "KXINX-26FEB13H1600-T7124.9999", "trade_id": "86ffcbc3-863f-4538-2f42-afbea4dfc7fa", "yes_price": 1, "yes_price_dollars": "0.0100"}
{"count": 5, "count_fp": "5.00", "created_time": "2026-02-12T01:59:18.179213Z", "no_price": 50, "no_price_dollars": "0.5000", "price": 0.5, "taker_side": "yes", "ticker": "KXINX-26FEB13H1600-T7124.9999", "trade_id": "40fb1e66-66c6-7382-5055-702c84edbd5a", "yes_price": 50, "yes_price_dollars": "0.5000"}
{"count": 6395, "count_fp": "6395.00", "created_time": "2026-02-12T01:59:18.179213Z", "no_price": 50, "no_price_dollars": "0.5000", "price": 0.5, "taker_side": "yes", "ticker": "KXINX-26FEB13H1600-T7124.9999", "trade_id": "3be3960a-ad2e-7c9c-54f8-c60a8fa422c2", "yes_price": 50, "yes_price_dollars": "0.5000"}
{"count": 3200, "count_fp": "3200.00", "created_time": "2026-02-12T01:58:53.987485Z", "no_price": 99, "no_price_dollars": "0.9900", "price": 0.01, "taker_side": "no", "ticker": "KXINX-26FEB13H1600-T7124.9999", "trade_id": "6a189844-d408-7fd0-d13b-04fd9921e630", "yes_price": 1, "yes_price_dollars": "0.0100"}
{"count": 3200, "count_fp": "3200.00", "created_time": "2026-02-12T01:58:31.961711Z", "no_price": 50, "no_price_dollars": "0.5000", "price": 0.5, "taker_side": "yes", "ticker": "KXINX-26FEB13H1600-T7124.9999", "trade_id": "da6eb024-d626-504a-339f-82524d45dd76", "yes_price": 50, "yes_price_dollars": "0.5000"}
{"count": 1198, "count_fp": "1198.00", "created_time": "2026-02-12T01:56:18.998182Z", "no_price": 99, "no_price_dollars": "0.9900", "price": 0.01, "taker_side": "no", "ticker": "KXINX-26FEB13H1600-T7124.9999", "trade_id": "e077262e-2def-52f4-ca04-58607223af27", "yes_price": 1, "yes_price_dollars": "0.0100"}
{"count": 503, "count_fp": "503.00", "created_time": "2026-02-12T01:56:18.998182Z", "no_price": 99, "no_price_dollars": "0.9900", "price": 0.01, "taker_side": "no", "ticker": "KXINX-26FEB13H1600-T7124.9999", "trade_id": "bfe3a12d-7bd1-539a-cbde-092e2d8922f6", "yes_price": 1, "yes_price_dollars": "0.0100"}
{"count": 4, "count_fp": "4.00", "created_time": "2026-02-12T01:56:03.59213Z", "no_price": 96, "no_price_dollars": "0.9600", "price": 0.04, "taker_side": "yes", "ticker": "KXINX-26FEB13H1600-T7124.9999", "trade_id": "c9bb25ca-2ca0-5fae-5839-b0e416894be8", "yes_price": 4, "yes_price_dollars": "0.0400"}
{"count": 200, "count_fp": "200.00", "created_time": "2026-02-12T01:56:03.59213Z", "no_price": 87, "no_price_dollars": "0.8700", "price": 0.13, "taker_side": "yes", "ticker": "KXINX-26FEB13H1600-T7124.9999", "trade_id": "be4fcc9c-4f89-58c4-5df4-be8e48246871", "yes_price": 13, "yes_price_dollars": "0.1300"}
{"count": 12, "count_fp": "12.00", "created_time": "2026-02-12T01:56:03.59213Z", "no_price": 69, "no_price_dollars": "0.6900", "price": 0.31, "taker_side": "yes", "ticker": "KXINX-26FEB13H1600-T7124.9999", "trade_id": "b8fc559b-27d9-59cc-50f4-103b18cda331", "yes_price": 31, "yes_price_dollars": "0.3100"}
{"count": 95, "count_fp": "95.00", "created_time": "2026-02-12T01:56:03.59213Z", "no_price": 92, "no_price_dollars": "0.9200", "price": 0.08, "taker_side": "yes", "ticker": "KXINX-26FEB13H1600-T7124.9999", "trade_id": "b483c983-e698-5c8b-6e3d-0288ef1dfc48", "yes_price": 8, "yes_price_dollars": "0.0800"}
{"count": 12, "count_fp": "12.00", "created_time": "2026-02-12T01:56:03.59213Z", "no_price": 55, "no_price_dollars": "0.5500", "price": 0.45, "taker_side": "yes", "ticker": "KXINX-26FEB13H1600-T7124.9999", "trade_id": "ae4d497a-8d34-58b5-5eb0-7885f9395805", "yes_price": 45, "yes_price_dollars": "0.4500"}
{"count": 462, "count_fp": "462.00", "created_time": "2026-02-12T01:56:03.59213Z", "no_price": 89, "no_price_dollars": "0.8900", "price": 0.11, "taker_side": "yes", "ticker": "KXINX-26FEB13H1600-T7124.9999", "trade_id": "9393dc81-cf0b-59da-4192-6dbf50616e31", "yes_price": 11, "yes_price_dollars": "0.1100"}
{"count": 20, "count_fp": "20.00", "created_time": "2026-02-12T01:56:03.59213Z", "no_price": 60, "no_price_dollars": "0.6000", "price": 0.4, "taker_side": "yes", "ticker": "KXINX-26FEB13H1600-T7124.9999", "trade_id": "8f398ee3-339e-5827-44d5-be1d9cd737e1", "yes_price": 40, "yes_price_dollars": "0.4000"}
{"count": 12, "count_fp": "12.00", "created_time": "2026-02-12T01:56:03.59213Z", "no_price": 63, "no_price_dollars": "0.6300", "price": 0.37, "taker_side": "yes", "ticker": "KXINX-26FEB13H1600-T7124.9999", "trade_id": "803f9b92-b9ae-5e69-7a73-5783c67d96a8", "yes_price": 37, "yes_price_dollars": "0.3700"}
{"count": 50, "count_fp": "50.00", "created_time": "2026-02-12T01:56:03.59213Z", "no_price": 92, "no_price_dollars": "0.9200", "price": 0.08, "taker_side": "yes", "ticker": "KXINX-26FEB13H1600-T7124.9999", "trade_id": "770d2458-dc4b-535a-567b-a9e3d7ff0c4a", "yes_price": 8, "yes_price_dollars": "0.0800"}
{"count": 33, "count_fp": "33.00", "created_time": "2026-02-12T01:56:03.59213Z", "no_price": 95, "no_price_dollars": "0.9500", "price": 0.05, "taker_side": "yes", "ticker": "KXINX-26FEB13H1600-T7124.9999", "trade_id": "6d40b133-1782-59c5-78c1-5e24adb35e77", "yes_price": 5, "yes_price_dollars": "0.0500"}
{"count": 1198, "count_fp": "1198.00", "created_time": "2026-02-12T01:56:03.59213Z", "no_price": 50, "no_price_dollars": "0.5000", "price": 0.5, "taker_side": "yes", "ticker": "KXINX-26FEB13H1600-T7124.9999", "trade_id": "3ef7b4c9-58b6-57c8-6965-f818f8a9d2f5", "yes_price": 50, "yes_price_dollars": "0.5000"}
{"count": 2, "count_fp": "2.00", "created_time": "2026-02-12T01:56:03.59213Z", "no_price": 96, "no_price_dollars": "0.9600", "price": 0.04, "taker_side": "yes", "ticker": "KXINX-26FEB13H1600-T7124.9999", "trade_id": "097bd8be-7aa3-5671-775c-00ce5a3dd51b", "yes_price": 4, "yes_price_dollars": "0.0400"}
{"count": 25, "count_fp": "25.00", "created_time": "2026-02-12T01:31:31.730099Z", "no_price": 95, "no_price_dollars": "0.9500", "price": 0.05, "taker_side": "yes", "ticker": "KXINX-26FEB13H1600-T7124.9999", "trade_id": "ea9949d7-2a86-4b0d-4db2-570cdd310a1b", "yes_price": 5, "yes_price_dollars": "0.0500"}
{"count": 2, "count_fp": "2.00", "created_time": "2026-02-12T01:20:24.996081Z", "no_price": 96, "no_price_dollars": "0.9600", "price": 0.04, "taker_side": "yes", "ticker": "KXINX-26FEB13H1600-T7124.9999", "trade_id": "e687303c-0db0-50b1-ff21-8c0805424901", "yes_price": 4, "yes_price_dollars": "0.0400"}
{"count": 2, "count_fp": "2.00", "created_time": "2026-02-12T01:20:24.996081Z", "no_price": 96, "no_price_dollars": "0.9600", "price": 0.04, "taker_side": "yes", "ticker": "KXINX-26FEB13H1600-T7124.9999", "trade_id": "c0f748a1-24cf-5fab-f291-bdaa8f8d13b9", "yes_price": 4, "yes_price_dollars": "0.0400"}
{"count": 219, "count_fp": "219.00", "created_time": "2026-02-12T00:31:45.167892Z", "no_price": 95, "no_price_dollars": "0.9500", "price": 0.05, "taker_side": "yes", "ticker": "KXINX-26FEB13H1600-T7124.9999", "trade_id": "8c6836e5-f42e-77e1-c45a-698978a21357", "yes_price": 5, "yes_price_dollars": "0.0500"}
{"count": 12, "count_fp": "12.00", "created_time": "2026-02-12T18:52:11.48048Z", "no_price": 98, "no_price_dollars": "0.9800", "price": 0.02, "taker_side": "yes", "ticker": "KXINX-26FEB13H1600-T6425", "trade_id": "ebc4a10f-f24e-712f-94b7-9383ca1e53e6", "yes_price": 2, "yes_price_dollars": "0.0200"}
{"count": 20, "count_fp": "20.00", "created_time": "2026-02-12T18:52:11.48048Z", "no_price": 99, "no_price_dollars": "0.9900", "price": 0.01, "taker_side": "yes", "ticker": "KXINX-26FEB13H1600-T6425", "trade_id": "c0e717e8-e869-780b-9064-c8cf2e95d384", "yes_price": 1, "yes_price_dollars": "0.0100"}
{"count": 100, "count_fp": "100.00", "created_time": "2026-02-12T18:52:11.48048Z", "no_price": 99, "no_price_dollars": "0.9900", "price": 0.01, "taker_side": "yes", "ticker": "KXINX-26FEB13H1600-T6425", "trade_id": "beadefc7-2c01-7b95-ba57-17d9665fc5fe", "yes_price": 1, "yes_price_dollars": "0.0100"}
{"count": 8, "count_fp": "8.00", "created_time": "2026-02-12T04:53:23.614511Z", "no_price": 98, "no_price_dollars": "0.9800", "price": 0.02, "taker_side": "yes", "ticker": "KXINX-26FEB13H1600-T6425", "trade_id": "39dd717e-ef26-61b7-a5e6-e4d68ba2cef6", "yes_price": 2, "yes_price_dollars": "0.0200"}
{"count": 272, "count_fp": "272.00", "created_time": "2026-02-12T04:53:23.614511Z", "no_price": 99, "no_price_dollars": "0.9900", "price": 0.01, "taker_side": "yes", "ticker": "KXINX-26FEB13H1600-T6425", "trade_id": "00ea9466-2aa9-60f3-ba81-58c929d8517e", "yes_price": 1, "yes_price_dollars": "0.0100"}
{"count": 37, "count_fp": "37.00", "created_time": "2026-02-12T04:10:49.258668Z", "no_price": 99, "no_price_dollars": "0.9900", "price": 0.01, "taker_side": "yes", "ticker": "KXINX-26FEB13H1600-T6425", "trade_id": "ef65802a-5ac9-5ebb-c627-ac036527846e", "yes_price": 1, "yes_price_dollars": "0.0100"}
{"count": 2, "count_fp": "2.00", "created_time": "2026-02-12T00:42:57.718617Z", "no_price": 96, "no_price_dollars": "0.9600", "price": 0.04, "taker_side": "yes", "ticker": "KXINX-26FEB13H1600-T6425", "trade_id": "a5d8307b-4283-4a49-7822-3db249b2cc5c", "yes_price": 4, "yes_price_dollars": "0.0400"}
{"count": 142, "count_fp": "142.00", "created_time": "2026-02-12T00:42:57.718617Z", "no_price": 95, "no_price_dollars": "0.9500", "price": 0.05, "taker_side": "yes", "ticker": "KXINX-26FEB13H1600-T6425", "trade_id": "8e8859e3-752d-4f7b-62db-ef370f5780c2", "yes_price": 5, "yes_price_dollars": "0.0500"}
{"count": 43, "count_fp": "43.00", "created_time": "2026-02-12T00:42:57.718617Z", "no_price": 96, "no_price_dollars": "0.9600", "price": 0.04, "taker_side": "yes", "ticker": "KXINX-26FEB13H1600-T6425", "trade_id": "7b717d69-52b3-439f-6e6a-9080722ca259", "yes_price": 4, "yes_price_dollars": "0.0400"}
{"count": 397, "count_fp": "397.00", "created_time": "2026-02-12T00:31:45.548781Z", "no_price": 95, "no_price_dollars": "0.9500", "price": 0.05, "taker_side": "yes", "ticker": "KXINX-26FEB13H1600-T6425", "trade_id": "7673287f-9d21-59b7-32e3-37ae0a9c6896", "yes_price": 5, "yes_price_dollars": "0.0500"}
{"count": 30, "count_fp": "30.00", "created_time": "2026-02-12T00:31:45.548781Z", "no_price": 96, "no_price_dollars": "0.9600", "price": 0.04, "taker_side": "yes", "ticker": "KXINX-26FEB13H1600-T6425", "trade_id": "038ff6ac-e709-5fb4-1b9b-2d81d0e1b2be", "yes_price": 4, "yes_price_dollars": "0.0400"}
{"count": 111, "count_fp": "111.00", "created_time": "2026-02-12T00:42:58.222302Z", "no_price": 96, "no_price_dollars": "0.9600", "price": 0.04, "taker_side": "yes", "ticker": "KXINX-26FEB13H1600-B7112", "trade_id": "d5f767ac-01dd-7087-cd78-18c361881fde", "yes_price": 4, "yes_price_dollars": "0.0400"}
{"count": 2, "count_fp": "2.00", "created_time": "2026-02-12T00:42:58.222302Z", "no_price": 97, "no_price_dollars": "0.9700", "price": 0.03, "taker_side": "yes", "ticker": "KXINX-26FEB13H1600-B7112", "trade_id": "a9213d64-ad47-7f94-d31d-bdf63f6c47c1", "yes_price": 3, "yes_price_dollars": "0.0300"}
{"count": 3, "count_fp": "3.00", "created_time": "2026-02-12T04:10:56.601153Z", "no_price": 97, "no_price_dollars": "0.9700", "price": 0.03, "taker_side": "yes", "ticker": "KXINX-26FEB13H1600-B7087", "trade_id": "ecb43f95-3a9f-5d9b-8e15-19679a2f2db3", "yes_price": 3, "yes_price_dollars": "0.0300"}
{"count": 2, "count_fp": "2.00", "created_time": "2026-02-12T04:10:56.601153Z", "no_price": 99, "no_price_dollars": "0.9900", "price": 0.01, "taker_side": "yes", "ticker": "KXINX-26FEB13H1600-B7087", "trade_id": "da8624f5-b633-5110-a042-a756c169bb8c", "yes_price": 1, "yes_price_dollars": "0.0100"}
{"count": 3, "count_fp": "3.00", "created_time": "2026-02-12T04:10:56.601153Z", "no_price": 98, "no_price_dollars": "0.9800", "price": 0.02, "taker_side": "yes", "ticker": "KXINX-26FEB13H1600-B7087", "trade_id": "b8ee0d6f-5ea1-51a5-8cb1-062025a7dd56", "yes_price": 2, "yes_price_dollars": "0.0200"}
{"count": 8, "count_fp": "8.00", "created_time": "2026-02-12T04:10:56.601153Z", "no_price": 95, "no_price_dollars": "0.9500", "price": 0.05, "taker_side": "yes", "ticker": "KXINX-26FEB13H1600-B7087", "trade_id": "24d0b5ec-b2ec-54ef-8509-c8631ce7fb91", "yes_price": 5, "yes_price_dollars": "0.0500"}
{"count": 20, "count_fp": "20.00", "created_time": "2026-02-12T19:10:25.630311Z", "no_price": 98, "no_price_dollars": "0.9800", "price": 0.02, "taker_side": "yes", "ticker": "KXINX-26FEB13H1600-B7062", "trade_id": "b5163581-eba6-7001-0dce-3307f650aa9b", "yes_price": 2, "yes_price_dollars": "0.0200"}
{"count": 100, "count_fp": "100.00", "created_time": "2026-02-12T19:10:25.630311Z", "no_price": 97, "no_price_dollars": "0.9700", "price": 0.03, "taker_side": "yes", "ticker": "KXINX-26FEB13H1600-B7062", "trade_id": "a69fc1bc-36d1-713d-1d89-9f7db3477e42", "yes_price": 3, "yes_price_dollars": "0.0300"}
{"count": 208, "count_fp": "208.00", "created_time": "2026-02-12T19:10:25.630311Z", "no_price": 97, "no_price_dollars": "0.9700", "price": 0.03, "taker_side": "yes", "ticker": "KXINX-26FEB13H1600-B7062", "trade_id": "41d86443-5f2d-79ef-0c6a-40fc28c7b624", "yes_price": 3, "yes_price_dollars": "0.0300"}
{"count": 630, "count_fp": "630.00", "created_time": "2026-02-12T14:09:42.243375Z", "no_price": 93, "no_price_dollars": "0.9300", "price": 0.07, "taker_side": "yes", "ticker": "KXINX-26FEB13H1600-B7062", "trade_id": "c1801d5d-e506-5050-d5bc-9db78b18addd", "yes_price": 7, "yes_price_dollars": "0.0700"}
{"count": 47, "count_fp": "47.00", "created_time": "2026-02-12T14:09:42.243375Z", "no_price": 93, "no_price_dollars": "0.9300", "price": 0.07, "taker_side": "yes", "ticker": "KXINX-26FEB13H1600-B7062", "trade_id": "45970035-2cf9-5fb3-c71e-8fdbbd65ce5c", "yes_price": 7, "yes_price_dollars": "0.0700"}
{"count": 30, "count_fp": "30.00", "created_time": "2026-02-12T03:51:57.033382Z", "no_price": 94, "no_price_dollars": "0.9400", "price": 0.06, "taker_side": "yes", "ticker": "KXINX-26FEB13H1600-B7062", "trade_id": "fe60b5a0-c321-6f40-963a-75b089019ed9", "yes_price": 6, "yes_price_dollars": "0.0600"}
{"count": 3, "count_fp": "3.00", "created_time": "2026-02-12T03:51:57.033382Z", "no_price": 94, "no_price_dollars": "0.9400", "price": 0.06, "taker_side": "yes", "ticker": "KXINX-26FEB13H1600-B7062", "trade_id": "918ce878-d131-62fb-aea3-bce836768ce4", "yes_price": 6, "yes_price_dollars": "0.0600"}
{"count": 2, "count_fp": "2.00", "created_time": "2026-02-12T03:51:57.033382Z", "no_price": 99, "no_price_dollars": "0.9900", "price": 0.01, "taker_side": "yes", "ticker": "KXINX-26FEB13H1600-B7062", "trade_id": "8fc89593-1abb-625b-af4a-673a98a11c22", "yes_price": 1, "yes_price_dollars": "0.0100"}
{"count": 3, "count_fp": "3.00", "created_time": "2026-02-12T03:51:57.033382Z", "no_price": 98, "no_price_dollars": "0.9800", "price": 0.02, "taker_side": "yes", "ticker": "KXINX-26FEB13H1600-B7062", "trade_id": "8a726ff1-7f67-6a90-9a08-7743bfd84eed", "yes_price": 2, "yes_price_dollars": "0.0200"}
{"count": 3, "count_fp": "3.00", "created_time": "2026-02-12T03:51:57.033382Z", "no_price": 97, "no_price_dollars": "0.9700", "price": 0.03, "taker_side": "yes", "ticker": "KXINX-26FEB13H1600-B7062", "trade_id": "55ca069a-372e-60bf-93a8-e68eee0a0dd2", "yes_price": 3, "yes_price_dollars": "0.0300"}
{"count": 20, "count_fp": "20.00", "created_time": "2026-02-12T15:37:54.258189Z", "no_price": 94, "no_price_dollars": "0.9400", "price": 0.06, "taker_side": "yes", "ticker": "KXINX-26FEB13H1600-B7037", "trade_id": "e7a1a3ca-e2ac-77b4-f0c9-055d6f6f6a0d", "yes_price": 6, "yes_price_dollars": "0.0600"}
{"count": 1, "count_fp": "1.00", "created_time": "2026-02-12T13:35:03.374576Z", "no_price": 90, "no_price_dollars": "0.9000", "price": 0.1, "taker_side": "no", "ticker": "KXINX-26FEB13H1600-B7037", "trade_id": "068e8aea-723d-671d-7a8b-333a1e2ed8f5", "yes_price": 10, "yes_price_dollars": "0.1000"}
{"count": 1, "count_fp": "1.00", "created_time": "2026-02-12T13:30:48.930807Z", "no_price": 90, "no_price_dollars": "0.9000", "price": 0.1, "taker_side": "no", "ticker": "KXINX-26FEB13H1600-B7037", "trade_id": "3c0560fa-15c9-73e9-c3d6-739df80b4e25", "yes_price": 10, "yes_price_dollars": "0.1000"}
