{"count": 75, "count_fp": "75.00", "created_time": "2026-02-23T17:37:57.567865Z", "no_price": 95, "no_price_dollars": "0.9500", "price": 0.05, "taker_side": "yes", "ticker": "KXINX-26FEB27H1600-T6500", "trade_id": "40a5451d-daa1-4795-23be-2bcb646950d3", "yes_price": 5, "yes_price_dollars": "0.0500"}
{"count": 20, "count_fp": "20.00", "created_time": "2026-02-23T17:30:56.995039Z", "no_price": 95, "no_price_dollars": "0.9500", "price": 0.05, "taker_side": "yes", "ticker": "KXINX-26FEB27H1600-T6500", "trade_id": "7b93e0b1-85b9-420d-77a9-43ed15cdc31f", "yes_price": 5, "yes_price_dollars": "0.0500"}
{"count": 125, "count_fp": "125.00", "created_time": "2026-02-23T17:29:48.971027Z", "no_price": 95, "no_price_dollars": "0.9500", "price": 0.05, "taker_side": "yes", "ticker": "KXINX-26FEB27H1600-T6500", "trade_id": "9f1d39c3-bc75-63e9-221e-c008a8377a27", "yes_price": 5, "yes_price_dollars": "0.0500"}
{"count": 2, "count_fp": "2.00", "created_time": "2026-02-23T21:06:24.148299Z", "no_price": 94, "no_price_dollars": "0.9400", "price": 0.06, "taker_side": "yes", "ticker": "KXINX-26FEB27H1600-B7037", "trade_id": "ecea1350-817d-44cb-5e51-d7f55e9de44c", "yes_price": 6, "yes_price_dollars": "0.0600"}
{"count": 10, "count_fp": "10.00", "created_time": "2026-02-23T21:06:24.148299Z", "no_price": 94, "no_price_dollars": "0.9400", "price": 0.06, "taker_side": "yes", "ticker": "KXINX-26FEB27H1600-B7037", "trade_id": "3129a3b9-1675-4cae-584e-446cdbdae62d", "yes_price": 6, "yes_price_dollars": "0.0600"}
{"count": 1000, "count_fp": "1000.00", "created_time": "2026-02-23T14:32:32.609943Z", "no_price": 91, "no_price_dollars": "0.9100", "price": 0.09, "taker_side": "yes", "ticker": "KXINX-26FEB27H1600-B7037", "trade_id": "e9b0a12f-8316-4836-036e-1bf6f181f6fb", "yes_price": 9, "yes_price_dollars": "0.0900"}
{"count": 104, "count_fp": "104.00", "created_time": "2026-02-23T14:30:17.119828Z", "no_price": 92, "no_price_dollars": "0.9200", "price": 0.08, "taker_side": "yes", "ticker": "KXINX-26FEB27H1600-B7037", "trade_id": "f0b8cdfb-847a-45f9-226b-4af50e002f57", "yes_price": 8, "yes_price_dollars": "0.0800"}
{"count": 1000, "count_fp": "1000.00", "created_time": "2026-02-23T12:57:06.221479Z", "no_price": 92, "no_price_dollars": "0.9200", "price": 0.08, "taker_side": "yes", "ticker": "KXINX-26FEB27H1600-B7012", "trade_id": "7e8d6a79-1c06-539e-06d3-4149cc939881", "yes_price": 8, "yes_price_dollars": "0.0800"}
{"count": 85, "count_fp": "85.00", "created_time": "2026-02-23T12:57:06.221479Z", "no_price": 93, "no_price_dollars": "0.9300", "price": 0.07, "taker_side": "yes", "ticker": "KXINX-26FEB27H1600-B7012", "trade_id": "2dd2a1ac-4313-5164-2c5e-16a16bd6ec2e", "yes_price": 7, "yes_price_dollars": "0.0700"}
{"count": 2, "count_fp": "2.00", "created_time": "2026-02-23T22:28:41.313102Z", "no_price": 87, "no_price_dollars": "0.8700", "price": 0.13, "taker_side": "yes", "ticker": "KXINX-26FEB27H1600-B6987", "trade_id": "b1ecaa1e-6193-675f-baac-1d86206b10ec", "yes_price": 13, "yes_price_dollars": "0.1300"}
{"count": 5, "count_fp": "5.00", "created_time": "2026-02-23T22:28:41.313102Z", "no_price": 88, "no_price_dollars": "0.8800", "price": 0.12, "taker_side": "yes", "ticker": "KXINX-26FEB27H1600-B6987", "trade_id": "216fa490-9045-628c-8d2d-1426186c411b", "yes_price": 12, "yes_price_dollars": "0.1200"}
{"count": 8, "count_fp": "8.00", "created_time": "2026-02-23T19:26:43.972914Z", "no_price": 89, "no_price_dollars": "0.8900", "price": 0.11, "taker_side": "yes", "ticker": "KXINX-26FEB27H1600-B6987", "trade_id": "c71e7f0a-964b-6929-975d-5f810ad84ad7", "yes_price": 11, "yes_price_dollars": "0.1100"}
{"count": 10, "count_fp": "10.00", "created_time": "2026-02-23T19:26:43.972914Z", "no_price": 90, "no_price_dollars": "0.9000", "price": 0.1, "taker_side": "yes", "ticker": "KXINX-26FEB27H1600-B6987", "trade_id": "8b195160-991a-6275-b2b9-005ceeccf235", "yes_price": 10, "yes_price_dollars": "0.1000"}
{"count": 10, "count_fp": "10.00", "created_time": "2026-02-23T18:57:37.401231Z", "no_price": 90, "no_price_dollars": "0.9000", "price": 0.1, "taker_side": "yes", "ticker": "KXINX-26FEB27H1600-B6987", "trade_id": "f0c3dcc9-a63c-7e8b-f197-3a5809268e47", "yes_price": 10, "yes_price_dollars": "0.1000"}
{"count": 8, "count_fp": "8.00", "created_time": "2026-02-23T18:57:37.401231Z", "no_price": 89, "no_price_dollars": "0.8900", "price": 0.11, "taker_side": "yes", "ticker": "KXINX-26FEB27H1600-B6987", "trade_id": "2f78bdb5-4d39-7eb6-d718-9d61411cec90", "yes_price": 11, "yes_price_dollars": "0.1100"}
{"count": 10, "count_fp": "10.00", "created_time": "2026-02-23T16:05:32.291403Z", "no_price": 93, "no_price_dollars": "0.9300", "price": 0.07, "taker_side": "no", "ticker": "KXINX-26FEB27H1600-B6987", "trade_id": "5a7f35d8-88f8-62e0-04a0-632d7edff961", "yes_price": 7, "yes_price_dollars": "0.0700"}
{"count": 4, "count_fp": "4.00", "created_time": "2026-02-23T01:24:36.375122Z", "no_price": 86, "no_price_dollars": "0.8600", "price": 0.14, "taker_side": "yes", "ticker": "KXINX-26FEB27H1600-B6987", "trade_id": "eda856f5-ddb9-6ce8-f654-df56e5648b78", "yes_price": 14, "yes_price_dollars": "0.1400"}
{"count": 10, "count_fp": "10.00", "created_time": "2026-02-23T01:24:36.375122Z", "no_price": 87, "no_price_dollars": "0.8700", "price": 0.13, "taker_side": "yes", "ticker": "KXINX-26FEB27H1600-B6987", "trade_id": "8dbf6cc6-c168-697e-f68d-388673b5784f", "yes_price": 13, "yes_price_dollars": "0.1300"}
{"count": 10, "count_fp": "10.00", "created_time": "2026-02-23T16:10:50.904225Z", "no_price": 89, "no_price_dollars": "0.8900", "price": 0.11, "taker_side": "yes", "ticker": "KXINX-26FEB27H1600-B6962", "trade_id": "adb6a998-9df2-605c-8bae-ee1b7535d02f", "yes_price": 11, "yes_price_dollars": "0.1100"}
{"count": 10, "count_fp": "10.00", "created_time": "2026-02-23T16:05:32.77945Z", "no_price": 93, "no_price_dollars": "0.9300", "price": 0.07, "taker_side": "no", "ticker": "KXINX-26FEB27H1600-B6962", "trade_id": "d328b678-c444-7e53-41b2-3512272ca8b3", "yes_price": 7, "yes_price_dollars": "0.0700"}
{"count": 70, "count_fp": "70.00", "created_time": "2026-02-23T14:23:44.135758Z", "no_price": 88, "no_price_dollars": "0.8800", "price": 0.12, "taker_side": "yes", "ticker": "KXINX-26FEB27H1600-B6962", "trade_id": "96a86c1b-9d2b-59d8-99dd-4b9ee53bd9ed", "yes_price": 12, "yes_price_dollars": "0.1200"}
{"count": 10, "count_fp": "10.00", "created_time": "2026-02-23T14:23:44.135758Z", "no_price": 88, "no_price_dollars": "0.8800", "price": 0.12, "taker_side": "yes", "ticker": "KXINX-26FEB27H1600-B6962", "trade_id": "46e4707d-690c-5cd6-b3e7-b6bbf1c4692c", "yes_price": 12, "yes_price_dollars": "0.1200"}
{"count": 89, "count_fp": "89.00", "created_time": "2026-02-23T14:23:44.135758Z", "no_price": 89, "no_price_dollars": "0.8900", "price": 0.11, "taker_side": "yes", "ticker": "KXINX-26FEB27H1600-B6962", "trade_id": "28f1870b-03ff-56c4-8c4a-dc66020b47dd", "yes_price": 11, "yes_price_dollars": "0.1100"}
{"count": 180, "count_fp": "180.00", "created_time": "2026-02-23T02:51:43.435111Z", "no_price": 79, "no_price_dollars": "0.7900", "price": 0.21, "taker_side": "no", "ticker": "KXINX-26FEB27H1600-B6962", "trade_id": "01964f6e-28fe-6ff4-df87-2fd6573b4bd3", "yes_price": 21, "yes_price_dollars": "0.2100"}
{"count": 10, "count_fp": "10.00", "created_time": "2026-02-23T01:30:43.249587Z", "no_price": 79, "no_price_dollars": "0.7900", "price": 0.21, "taker_side": "yes", "ticker": "KXINX-26FEB27H1600-B6962", "trade_id": "baa0b1b4-aaec-40e4-5ccc-836fa1338e98", "yes_price": 21, "yes_price_dollars": "0.2100"}
{"count": 3, "count_fp": "3.00", "created_time": "2026-02-23T01:25:03.266977Z", "no_price": 78, "no_price_dollars": "0.7800", "price": 0.22, "taker_side": "yes", "ticker": "KXINX-26FEB27H1600-B6962", "trade_id": "a55be436-3d15-4d26-dac7-70dcdf14913a", "yes_price": 22, "yes_price_dollars": "0.2200"}
{"count": 10, "count_fp": "10.00", "created_time": "2026-02-23T01:25:03.266977Z", "no_price": 79, "no_price_dollars": "0.7900", "price": 0.21, "taker_side": "yes", "ticker": "KXINX-26FEB27H1600-B6962", "trade_id": "69d2e8a2-8020-4eda-c7b8-24f236874cd6", "yes_price": 21, "yes_price_dollars": "0.2100"}
{"count": 79, "count_fp": "79.00", "created_time": "2026-02-23T22:57:37.513801Z", "no_price": 82, "no_price_dollars": "0.8200", "price": 0.18, "taker_side": "yes", "ticker": "KXINX-26FEB27H1600-B6937", "trade_id": "c0a38af8-c5e7-6e61-de66-5055c07a487e", "yes_price": 18, "yes_price_dollars": "0.1800"}
{"count": 95, "count_fp": "95.00", "created_time": "2026-02-23T19:52:13.157692Z", "no_price": 83, "no_price_dollars": "0.8300", "price": 0.17, "taker_side": "yes", "ticker": "KXINX-26FEB27H1600-B6937", "trade_id": "83869f9c-0376-798b-4cbf-4143d85aa771", "yes_price": 17, "yes_price_dollars": "0.1700"}
{"count": 10, "count_fp": "10.00", "created_time": "2026-02-23T19:52:13.157692Z", "no_price": 90, "no_price_dollars": "0.9000", "price": 0.1, "taker_side": "yes", "ticker": "KXINX-26FEB27H1600-B6937", "trade_id": "3fc46193-0709-76fb-63a8-b36bc2a5c926", "yes_price": 10, "yes_price_dollars": "0.1000"}
{"count": 165, "count_fp": "165.00", "created_time": "2026-02-23T19:52:13.157692Z", "no_price": 81, "no_price_dollars": "0.8100", "price": 0.19, "taker_side": "yes", "ticker": "KXINX-26FEB27H1600-B6937", "trade_id": "2154e681-c559-7219-7018-8f39c23801e2", "yes_price": 19, "yes_price_dollars": "0.1900"}
{"count": 211, "count_fp": "211.00", "created_time": "2026-02-23T18:25:05.800492Z", "no_price": 89, "no_price_dollars": "0.8900", "price": 0.11, "taker_side": "yes", "ticker": "KXINX-26FEB27H1600-B6937", "trade_id": "a111f85e-5b2b-46b1-7521-7be8408bfafb", "yes_price": 11, "yes_price_dollars": "0.1100"}
{"count": 10, "count_fp": "10.00", "created_time": "2026-02-23T18:25:05.800492Z", "no_price": 90, "no_price_dollars": "0.9000", "price": 0.1, "taker_side": "yes", "ticker": "KXINX-26FEB27H1600-B6937", "trade_id": "778336bc-d37d-4339-4d03-59cef208fe1b", "yes_price": 10, "yes_price_dollars": "0.1000"}
{"count": 37, "count_fp": "37.00", "created_time": "2026-02-23T21:28:01.727359Z", "no_price": 90, "no_price_dollars": "0.9000", "price": 0.1, "taker_side": "yes", "ticker": "KXINX-26FEB27H1600-B6912", "trade_id": "328b461d-4c93-6992-5f01-0c38688abd1b", "yes_price": 10, "yes_price_dollars": "0.1000"}
{"count": 9, "count_fp": "9.00", "created_time": "2026-02-23T21:09:15.7444Z", "no_price": 90, "no_price_dollars": "0.9000", "price": 0.1, "taker_side": "yes", "ticker": "KXINX-26FEB27H1600-B6912", "trade_id": "671588a6-1ac7-64ea-441f-4654852649b7", "yes_price": 10, "yes_price_dollars": "0.1000"}
{"count": 10, "count_fp": "10.00", "created_time": "2026-02-23T20:42:56.376369Z", "no_price": 93, "no_price_dollars": "0.9300", "price": 0.07, "taker_side": "no", "ticker": "KXINX-26FEB27H1600-B6912", "trade_id": "cec7e5ee-6557-4802-f1b5-aae514c5c050", "yes_price": 7, "yes_price_dollars": "0.0700"}
{"count": 10, "count_fp": "10.00", "created_time": "2026-02-23T18:17:29.299359Z", "no_price": 89, "no_price_dollars": "0.8900", "price": 0.11, "taker_side": "yes", "ticker": "KXINX-26FEB27H1600-B6912", "trade_id": "bafbe270-5409-4c1b-5600-08eb09b688ff", "yes_price": 11, "yes_price_dollars": "0.1100"}
{"count": 78, "count_fp": "78.00", "created_time": "2026-02-23T15:36:46.331577Z", "no_price": 89, "no_price_dollars": "0.8900", "price": 0.11, "taker_side": "yes", "ticker": "KXINX-26FEB27H1600-B6912", "trade_id": "f8c37d7b-056f-5a01-1f20-90a25ceaee80", "yes_price": 11, "yes_price_dollars": "0.1100"}
{"count": 10, "count_fp": "10.00", "created_time": "2026-02-23T15:36:46.331577Z", "no_price": 89, "no_price_dollars": "0.8900", "price": 0.11, "taker_side": "yes", "ticker": "KXINX-26FEB27H1600-B6912", "trade_id": "62a2071e-1022-5411-393d-bff630419a83", "yes_price": 11, "yes_price_dollars": "0.1100"}
{"count": 8, "count_fp": "8.00", "created_time": "2026-02-23T15:31:47.870513Z", "no_price": 89, "no_price_dollars": "0.8900", "price": 0.11, "taker_side": "yes", "ticker": "KXINX-26FEB27H1600-B6912", "trade_id": "fa225838-c4fb-5919-b3e2-a8fa2f7ba740", "yes_price": 11, "yes_price_dollars": "0.1100"}
{"count": 10, "count_fp": "10.00", "created_time": "2026-02-23T14:15:07.909087Z", "no_price": 89, "no_price_dollars": "0.8900", "price": 0.11, "taker_side": "yes", "ticker": "KXINX-26FEB27H1600-B6912", "trade_id": "724b1ac4-299e-60e4-d7ba-677fd49e6989", "yes_price": 11, "yes_price_dollars": "0.1100"}
{"count": 166, "count_fp": "166.00", "created_time": "2026-02-23T14:15:07.909087Z", "no_price": 89, "no_price_dollars": "0.8900", "price": 0.11, "taker_side": "yes", "ticker": "KXINX-26FEB27H1600-B6912", "trade_id": "55eaad05-b792-624e-d02c-ee6a562a42c1", "yes_price": 11, "yes_price_dollars": "0.1100"}
{"count": 9, "count_fp": "9.00", "created_time": "2026-02-23T04:30:07.021585Z", "no_price": 86, "no_price_dollars": "0.8600", "price": 0.14, "taker_side": "no", "ticker": "KXINX-26FEB27H1600-B6912", "trade_id": "5bccaf74-0926-704d-e791-8b82d209cb75", "yes_price": 14, "yes_price_dollars": "0.1400"}
{"count": 10, "count_fp": "10.00", "created_time": "2026-02-23T04:28:39.466914Z", "no_price": 82, "no_price_dollars": "0.8200", "price": 0.18, "taker_side": "yes", "ticker": "KXINX-26FEB27H1600-B6912", "trade_id": "ec357e5f-1684-4fd5-a2a4-3ad19adfb9bc", "yes_price": 18, "yes_price_dollars": "0.1800"}
{"count": 27, "count_fp": "27.00", "created_time": "2026-02-23T04:28:39.466914Z", "no_price": 76, "no_price_dollars": "0.7600", "price": 0.24, "taker_side": "yes", "ticker": "KXINX-26FEB27H1600-B6912", "trade_id": "c085ff0e-d157-4095-82c2-4e6188d206d4", "yes_price": 24, "yes_price_dollars": "0.2400"}
{"count": 980, "count_fp": "980.00", "created_time": "2026-02-23T04:28:39.466914Z", "no_price": 81, "no_price_dollars": "0.8100", "price": 0.19, "taker_side": "yes", "ticker": "KXINX-26FEB27H1600-B6912", "trade_id": "21e666d4-6625-4369-a8dd-f88f412e8616", "yes_price": 19, "yes_price_dollars": "0.1900"}
{"count": 769, "count_fp": "769.00", "created_time": "2026-02-23T21:18:39.86238Z", "no_price": 89, "no_price_dollars": "0.8900", "price": 0.11, "taker_side": "yes", "ticker": "KXINX-26FEB27H1600-B6887", "trade_id": "ae9888b6-dc53-4c29-d2b5-e28cbdffb57b", "yes_price": 11, "yes_price_dollars": "0.1100"}
{"count": 7, "count_fp": "7.00", "created_time": "2026-02-23T21:06:19.808812Z", "no_price": 89, "no_price_dollars": "0.8900", "price": 0.11, "taker_side": "yes", "ticker": "KXINX-26FEB27H1600-B6887", "trade_id": "45fa3a20-51c6-62ea-aca5-99c7a80b24e4", "yes_price": 11, "yes_price_dollars": "0.1100"}
{"count": 374, "count_fp": "374.00", "created_time": "2026-02-23T20:16:03.344283Z", "no_price": 89, "no_price_dollars": "0.8900", "price": 0.11, "taker_side": "yes", "ticker": "KXINX-26FEB27H1600-B6887", "trade_id": "9bd1fd8e-6dc0-4b90-fb21-c858c90c1672", "yes_price": 11, "yes_price_dollars": "0.1100"}
{"count": 10, "count_fp": "10.00", "created_time": "2026-02-23T20:16:03.344283Z", "no_price": 89, "no_price_dollars": "0.8900", "price": 0.11, "taker_side": "yes", "ticker": "KXINX-26FEB27H1600-B6887", "trade_id": "268015ad-06b1-46e5-fda6-829a858d36aa", "yes_price": 11, "yes_price_dollars": "0.1100"}
{"count": 34, "count_fp": "34.00", "created_time": "2026-02-23T19:26:16.077927Z", "no_price": 89, "no_price_dollars": "0.8900", "price": 0.11, "taker_side": "yes", "ticker": "KXINX-26FEB27H1600-B6887", "trade_id": "ab0c32e4-2a75-7bff-e626-60a627c44202", "yes_price": 11, "yes_price_dollars": "0.1100"}
{"count": 10, "count_fp": "10.00", "created_time": "2026-02-23T19:26:16.077927Z", "no_price": 89, "no_price_dollars": "0.8900", "price": 0.11, "taker_side": "yes", "ticker": "KXINX-26FEB27H1600-B6887", "trade_id": "a553155a-d146-78ce-e43a-c0421f950517", "yes_price": 11, "yes_price_dollars": "0.1100"}
{"count": 10, "count_fp": "10.00", "created_time": "2026-02-23T18:07:45.814235Z", "no_price": 90, "no_price_dollars": "0.9000", "price": 0.1, "taker_side": "yes", "ticker": "KXINX-26FEB27H1600-B6887", "trade_id": "ab99ed66-2769-573d-492f-81ef5400f74f", "yes_price": 10, "yes_price_dollars": "0.1000"}
{"count": 34, "count_fp": "34.00", "created_time": "2026-02-23T18:07:45.814235Z", "no_price": 75, "no_price_dollars": "0.7500", "price": 0.25, "taker_side": "yes", "ticker": "KXINX-26FEB27H1600-B6887", "trade_id": "94a78b17-3c6f-5cbd-6083-40ecd4167ea2", "yes_price": 25, "yes_price_dollars": "0.2500"}
{"count": 474, "count_fp": "474.00", "created_time": "2026-02-23T16:14:56.718478Z", "no_price": 95, "no_price_dollars": "0.9500", "price": 0.05, "taker_side": "no", "ticker": "KXINX-26FEB27H1600-B6887", "trade_id": "b28a9a0d-36d2-7eb3-7280-c327d3ec419f", "yes_price": 5, "yes_price_dollars": "0.0500"}
{"count": 10, "count_fp": "10.00", "created_time": "2026-02-23T16:14:56.718478Z", "no_price": 94, "no_price_dollars": "0.9400", "price": 0.06, "taker_side": "no", "ticker": "KXINX-26FEB27H1600-B6887", "trade_id": "39d1229f-8ab7-7c70-420f-29c424206a11", "yes_price": 6, "yes_price_dollars": "0.0600"}
{"count": 484, "count_fp": "484.00", "created_time": "2026-02-23T15:26:11.625234Z", "no_price": 90, "no_price_dollars": "0.9000", "price": 0.1, "taker_side": "yes", "ticker": "KXINX-26FEB27H1600-B6887", "trade_id": "87f2bccf-dd27-7320-69a4-0837b2b688f3", "yes_price": 10, "yes_price_dollars": "0.1000"}
{"count": 85, "count_fp": "85.00", "created_time": "2026-02-23T14:24:24.240579Z", "no_price": 91, "no_price_dollars": "0.9100", "price": 0.09, "taker_side": "yes", "ticker": "KXINX-26FEB27H1600-B6887", "trade_id": "fc76a214-1e2e-48a7-9bc1-1ca760fec086", "yes_price": 9, "yes_price_dollars": "0.0900"}
{"count": 10, "count_fp": "10.00", "created_time": "2026-02-23T14:24:24.240579Z", "no_price": 91, "no_price_dollars": "0.9100", "price": 0.09, "taker_side": "yes", "ticker": "KXINX-26FEB27H1600-B6887", "trade_id": "d8804403-0120-479f-8924-7b1425a01793", "yes_price": 9, "yes_price_dollars": "0.0900"}
{"count": 108, "count_fp": "108.00", "created_time": "2026-02-23T14:24:24.240579Z", "no_price": 90, "no_price_dollars": "0.9000", "price": 0.1, "taker_side": "yes", "ticker": "KXINX-26FEB27H1600-B6887", "trade_id": "15338eb8-d82d-4a2e-b40f-d36c5eb66894", "yes_price": 10, "yes_price_dollars": "0.1000"}
{"count": 90, "count_fp": "90.00", "created_time": "2026-02-23T04:04:55.898752Z", "no_price": 84, "no_price_dollars": "0.8400", "price": 0.16, "taker_side": "yes", "ticker": "KXINX-26FEB27H1600-B6887", "trade_id": "bec54533-47f1-6220-aa06-cfc1e52de0f3", "yes_price": 16, "yes_price_dollars": "0.1600"}
{"count": 10, "count_fp": "10.00", "created_time": "2026-02-23T04:04:55.898752Z", "no_price": 84, "no_price_dollars": "0.8400", "price": 0.16, "taker_side": "yes", "ticker": "KXINX-26FEB27H1600-B6887", "trade_id": "3033fc93-70a1-6a13-bf89-8e2c3eb48857", "yes_price": 16, "yes_price_dollars": "0.1600"}
{"count": 38, "count_fp": "38.00", "created_time": "2026-02-23T01:13:17.4214Z", "no_price": 75, "no_price_dollars": "0.7500", "price": 0.25, "taker_side": "yes", "ticker": "KXINX-26FEB27H1600-B6887", "trade_id": "8a551be4-cc5b-4581-b0ad-ecfc1913e132", "yes_price": 25, "yes_price_dollars": "0.2500"}
{"count": 4, "count_fp": "4.00", "created_time": "2026-02-23T22:46:32.418386Z", "no_price": 86, "no_price_dollars": "0.8600", "price": 0.14, "taker_side": "yes", "ticker": "KXINX-26FEB27H1600-B6862", "trade_id": "7f99b0af-d5d0-6a9a-24cb-72cee156536b", "yes_price": 14, "yes_price_dollars": "0.1400"}
{"count": 10, "count_fp": "10.00", "created_time": "2026-02-23T20:45:54.325127Z", "no_price": 93, "no_price_dollars": "0.9300", "price": 0.07, "taker_side": "no", "ticker": "KXINX-26FEB27H1600-B6862", "trade_id": "616576e0-bb71-7b24-1150-1ef37a96e783", "yes_price": 7, "yes_price_dollars": "0.0700"}
{"count": 9, "count_fp": "9.00", "created_time": "2026-02-23T20:21:05.296654Z", "no_price": 90, "no_price_dollars": "0.9000", "price": 0.1, "taker_side": "yes", "ticker": "KXINX-26FEB27H1600-B6862", "trade_id": "9b6646a1-c8d5-6b15-ef16-ea3e4d2d6d11", "yes_price": 10, "yes_price_dollars": "0.1000"}
{"count": 115, "count_fp": "115.00", "created_time": "2026-02-23T19:13:27.917999Z", "no_price": 86, "no_price_dollars": "0.8600", "price": 0.14, "taker_side": "yes", "ticker": "KXINX-26FEB27H1600-B6862", "trade_id": "50d6fc84-b16a-60ec-dda3-7f27cc3a8657", "yes_price": 14, "yes_price_dollars": "0.1400"}
{"count": 46, "count_fp": "46.00", "created_time": "2026-02-23T19:13:27.917999Z", "no_price": 85, "no_price_dollars": "0.8500", "price": 0.15, "taker_side": "yes", "ticker": "KXINX-26FEB27H1600-B6862", "trade_id": "3865bb65-ba02-672d-eef3-21f4f7b3a6db", "yes_price": 15, "yes_price_dollars": "0.1500"}
{"count": 29, "count_fp": "29.00", "created_time": "2026-02-23T18:58:26.68046Z", "no_price": 90, "no_price_dollars": "0.9000", "price": 0.1, "taker_side": "yes", "ticker": "KXINX-26FEB27H1600-B6862", "trade_id": "f7e3eeb6-0e05-582a-a0b1-06d1fe401e5a", "yes_price": 10, "yes_price_dollars": "0.1000"}
{"count": 100, "count_fp": "100.00", "created_time": "2026-02-23T18:17:46.985621Z", "no_price": 90, "no_price_dollars": "0.9000", "price": 0.1, "taker_side": "yes", "ticker": "KXINX-26FEB27H1600-B6862", "trade_id": "0f904793-4a2d-639e-c767-baac20ef286a", "yes_price": 10, "yes_price_dollars": "0.1000"}
{"count": 50, "count_fp": "50.00", "created_time": "2026-02-23T04:10:43.85439Z", "no_price": 86, "no_price_dollars": "0.8600", "price": 0.14, "taker_side": "yes", "ticker": "KXINX-26FEB27H1600-B6862", "trade_id": "8e13837a-1a2b-73b3-f001-928c14825a97", "yes_price": 14, "yes_price_dollars": "0.1400"}
{"count": 10, "count_fp": "10.00", "created_time": "2026-02-23T04:08:23.091782Z", "no_price": 86, "no_price_dollars": "0.8600", "price": 0.14, "taker_side": "yes", "ticker": "KXINX-26FEB27H1600-B6862", "trade_id": "6096daf5-c4dc-6e2a-e42c-9a89153de6f1", "yes_price": 14, "yes_price_dollars": "0.1400"}
{"count": 10, "count_fp": "10.00", "created_time": "2026-02-23T04:07:36.644593Z", "no_price": 86, "no_price_dollars": "0.8600", "price": 0.14, "taker_side": "yes", "ticker": "KXINX-26FEB27H1600-B6862", "trade_id": "91a47a0d-ca08-6024-be41-82c1fc9952d4", "yes_price": 14, "yes_price_dollars": "0.1400"}
{"count": 10, "count_fp": "10.00", "created_time": "2026-02-23T04:07:02.985107Z", "no_price": 86, "no_price_dollars": "0.8600", "price": 0.14, "taker_side": "yes", "ticker": "KXINX-26FEB27H1600-B6862", "trade_id": "084fd197-3a8a-6eab-0083-3272ebbff623", "yes_price": 14, "yes_price_dollars": "0.1400"}
{"count": 10, "count_fp": "10.00", "created_time": "2026-02-23T04:06:35.230478Z", "no_price": 86, "no_price_dollars": "0.8600", "price": 0.14, "taker_side": "yes", "ticker": "KXINX-26FEB27H1600-B6862", "trade_id": "8945cc7a-2281-6c45-1537-d3414f89a33c", "yes_price": 14, "yes_price_dollars": "0.1400"}
{"count": 10, "count_fp": "10.00", "created_time": "2026-02-23T03:17:53.545792Z", "no_price": 87, "no_price_dollars": "0.8700", "price": 0.13, "taker_side": "yes", "ticker": "KXINX-26FEB27H1600-B6862", "trade_id": "7505f3aa-ba7b-7cd9-379d-76b5a951530b", "yes_price": 13, "yes_price_dollars": "0.1300"}
{"count": 107, "count_fp": "107.00", "created_time": "2026-02-23T20:18:19.615153Z", "no_price": 91, "no_price_dollars": "0.9100", "price": 0.09, "taker_side": "yes", "ticker": "KXINX-26FEB27H1600-B6837", "trade_id": "e4ba12f5-7b84-7734-bed8-92b3956ba3b5", "yes_price": 9, "yes_price_dollars": "0.0900"}
{"count": 10, "count_fp": "10.00", "created_time": "2026-02-23T19:34:02.101717Z", "no_price": 90, "no_price_dollars": "0.9000", "price": 0.1, "taker_side": "yes", "ticker": "KXINX-26FEB27H1600-B6837", "trade_id": "c2f74717-98ff-7eae-c796-e32b872239a2", "yes_price": 10, "yes_price_dollars": "0.1000"}
{"count": 29, "count_fp": "29.00", "created_time": "2026-02-23T19:34:02.101717Z", "no_price": 80, "no_price_dollars": "0.8000", "price": 0.2, "taker_side": "yes", "ticker": "KXINX-26FEB27H1600-B6837", "trade_id": "bd253c82-e959-7fb4-e276-a9617ea21c45", "yes_price": 20, "yes_price_dollars": "0.2000"}
{"count": 32, "count_fp": "32.00", "created_time": "2026-02-23T19:25:02.709184Z", "no_price": 91, "no_price_dollars": "0.9100", "price": 0.09, "taker_side": "yes", "ticker": "KXINX-26FEB27H1600-B6837", "trade_id": "1285ade4-76df-4a55-5f6b-6d296c323302", "yes_price": 9, "yes_price_dollars": "0.0900"}
{"count": 200, "count_fp": "200.00", "created_time": "2026-02-23T18:47:59.981596Z", "no_price": 91, "no_price_dollars": "0.9100", "price": 0.09, "taker_side": "yes", "ticker": "KXINX-26FEB27H1600-B6837", "trade_id": "03563e50-da71-6b66-d5e6-33e923e1414f", "yes_price": 9, "yes_price_dollars": "0.0900"}
{"count": 10, "count_fp": "10.00", "created_time": "2026-02-23T18:43:05.202194Z", "no_price": 91, "no_price_dollars": "0.9100", "price": 0.09, "taker_side": "yes", "ticker": "KXINX-26FEB27H1600-B6837", "trade_id": "e3b748cb-f012-4ed8-4c49-d6d8e516c1f1", "yes_price": 9, "yes_price_dollars": "0.0900"}
{"count": 90, "count_fp": "90.00", "created_time": "2026-02-23T18:43:05.202194Z", "no_price": 91, "no_price_dollars": "0.9100", "price": 0.09, "taker_side": "yes", "ticker": "KXINX-26FEB27H1600-B6837", "trade_id": "761b4d67-5fdd-4536-6df6-1b91ef694c27", "yes_price": 9, "yes_price_dollars": "0.0900"}
{"count": 90, "count_fp": "90.00", "created_time": "2026-02-23T18:09:26.402227Z", "no_price": 91, "no_price_dollars": "0.9100", "price": 0.09, "taker_side": "no", "ticker": "KXINX-26FEB27H1600-B6837", "trade_id": "90b5df37-39f4-7415-e7ef-84996c5f1ca6", "yes_price": 9, "yes_price_dollars": "0.0900"}
{"count": 10, "count_fp": "10.00", "created_time": "2026-02-23T18:07:21.625575Z", "no_price": 91, "no_price_dollars": "0.9100", "price": 0.09, "taker_side": "yes", "ticker": "KXINX-26FEB27H1600-B6837", "trade_id": "192d435e-2fca-591e-482d-2b42efb4d2b3", "yes_price": 9, "yes_price_dollars": "0.0900"}
{"count": 91, "count_fp": "91.00", "created_time": "2026-02-23T14:22:32.381867Z", "no_price": 93, "no_price_dollars": "0.9300", "price": 0.07, "taker_side": "yes", "ticker": "KXINX-26FEB27H1600-B6837", "trade_id": "d84f40cd-6d9c-411d-850d-c0f0e5da0f2a", "yes_price": 7, "yes_price_dollars": "0.0700"}
{"count": 10, "count_fp": "10.00", "created_time": "2026-02-23T14:22:32.381867Z", "no_price": 93, "no_price_dollars": "0.9300", "price": 0.07, "taker_side": "yes", "ticker": "KXINX-26FEB27H1600-B6837", "trade_id": "738755ed-a159-4e27-b96c-27f53adbb46a", "yes_price": 7, "yes_price_dollars": "0.0700"}
{"count": 153, "count_fp": "153.00", "created_time": "2026-02-23T14:22:32.381867Z", "no_price": 92, "no_price_dollars": "0.9200", "price": 0.08, "taker_side": "yes", "ticker": "KXINX-26FEB27H1600-B6837", "trade_id": "24ef29c6-944c-4164-8dae-a9eae1b9e436", "yes_price": 8, "yes_price_dollars": "0.0800"}
{"count": 15, "count_fp": "15.00", "created_time": "2026-02-23T04:39:28.959968Z", "no_price": 80, "no_price_dollars": "0.8000", "price": 0.2, "taker_side": "yes", "ticker": "KXINX-26FEB27H1600-B6837", "trade_id": "948ea8be-abe5-5130-5d92-9d48ee8e8e71", "yes_price": 20, "yes_price_dollars": "0.2000"}
{"count": 10, "count_fp": "10.00", "created_time": "2026-02-23T04:39:28.959968Z", "no_price": 82, "no_price_dollars": "0.8200", "price": 0.18, "taker_side": "yes", "ticker": "KXINX-26FEB27H1600-B6837", "trade_id": "7a165757-f46b-5bbe-7718-e07e6a81023f", "yes_price": 18, "yes_price_dollars": "0.1800"}
{"count": 190, "count_fp": "190.00", "created_time": "2026-02-23T20:13:06.927702Z", "no_price": 92, "no_price_dollars": "0.9200", "price": 0.08, "taker_side": "yes", "ticker": "KXINX-26FEB27H1600-B6812", "trade_id": "63181864-79ce-6865-9591-5158529c8316", "yes_price": 8, "yes_price_dollars": "0.0800"}
{"count": 10, "count_fp": "10.00", "created_time": "2026-02-23T20:13:06.927702Z", "no_price": 92, "no_price_dollars": "0.9200", "price": 0.08, "taker_side": "yes", "ticker": "KXINX-26FEB27H1600-B6812", "trade_id": "3febe186-03ad-6fb8-a1bb-5d10d3f9199d", "yes_price": 8, "yes_price_dollars": "0.0800"}
{"count": 76, "count_fp": "76.00", "created_time": "2026-02-23T19:33:53.540521Z", "no_price": 93, "no_price_dollars": "0.9300", "price": 0.07, "taker_side": "yes", "ticker": "KXINX-26FEB27H1600-B6812", "trade_id": "f6a12d94-37ae-77a8-f690-68eaf491ae8c", "yes_price": 7, "yes_price_dollars": "0.0700"}
{"count": 10, "count_fp": "10.00", "created_time": "2026-02-23T19:33:53.540521Z", "no_price": 92, "no_price_dollars": "0.9200", "price": 0.08, "taker_side": "yes", "ticker": "KXINX-26FEB27H1600-B6812", "trade_id": "b70e1b0e-e134-789e-e6c4-d558ca831aec", "yes_price": 8, "yes_price_dollars": "0.0800"}
{"count": 6, "count_fp": "6.00", "created_time": "2026-02-23T19:33:53.540521Z", "no_price": 90, "no_price_dollars": "0.9000", "price": 0.1, "taker_side": "yes", "ticker": "KXINX-26FEB27H1600-B6812", "trade_id": "74b3d1ec-75a0-77c9-ebed-9a0541d8fa99", "yes_price": 10, "yes_price_dollars": "0.1000"}
{"count": 41, "count_fp": "41.00", "created_time": "2026-02-23T19:24:39.340397Z", "no_price": 93, "no_price_dollars": "0.9300", "price": 0.07, "taker_side": "yes", "ticker": "KXINX-26FEB27H1600-B6812", "trade_id": "5802e550-ab6a-5650-da32-ae6e9230b5cc", "yes_price": 7, "yes_price_dollars": "0.0700"}
{"count": 10, "count_fp": "10.00", "created_time": "2026-02-23T18:43:00.576557Z", "no_price": 93, "no_price_dollars": "0.9300", "price": 0.07, "taker_side": "yes", "ticker": "KXINX-26FEB27H1600-B6812", "trade_id": "ac9608a1-d162-7574-3f46-ed4376f8f01b", "yes_price": 7, "yes_price_dollars": "0.0700"}
{"count": 90, "count_fp": "90.00", "created_time": "2026-02-23T18:43:00.576557Z", "no_price": 92, "no_price_dollars": "0.9200", "price": 0.08, "taker_side": "yes", "ticker": "KXINX-26FEB27H1600-B6812", "trade_id": "4633a69d-3aca-7962-38e5-297c9ff6558b", "yes_price": 8, "yes_price_dollars": "0.0800"}
{"count": 10, "count_fp": "10.00", "created_time": "2026-02-23T19:25:55.999757Z", "no_price": 93, "no_price_dollars": "0.9300", "price": 0.07, "taker_side": "yes", "ticker": "KXINX-26FEB27H1600-B6787", "trade_id": "a52bf00c-ed15-51c7-eaed-3a1e132069e6", "yes_price": 7, "yes_price_dollars": "0.0700"}
{"count": 27, "count_fp": "27.00", "created_time": "2026-02-23T19:25:55.999757Z", "no_price": 92, "no_price_dollars": "0.9200", "price": 0.08, "taker_side": "yes", "ticker": "KXINX-26FEB27H1600-B6787", "trade_id": "07c92acd-079b-5614-dbf8-2c89c7eaa42e", "yes_price": 8, "yes_price_dollars": "0.0800"}
{"count": 10, "count_fp": "10.00", "created_time": "2026-02-23T16:03:52.449396Z", "no_price": 94, "no_price_dollars": "0.9400", "price": 0.06, "taker_side": "yes", "ticker": "KXINX-26FEB27H1600-B6787", "trade_id": "efff95f7-3f60-4647-2b55-8b483f2c0eb1", "yes_price": 6, "yes_price_dollars": "0.0600"}
{"count": 268, "count_fp": "268.00", "created_time": "2026-02-23T16:03:52.449396Z", "no_price": 93, "no_price_dollars": "0.9300", "price": 0.07, "taker_side": "yes", "ticker": "KXINX-26FEB27H1600-B6787", "trade_id": "919c23dc-6287-45b2-23bb-411a5a37e7dc", "yes_price": 7, "yes_price_dollars": "0.0700"}
{"count": 50, "count_fp": "50.00", "created_time": "2026-02-23T19:25:35.778839Z", "no_price": 93, "no_price_dollars": "0.9300", "price": 0.07, "taker_side": "yes", "ticker": "KXINX-26FEB27H1600-B6762", "trade_id": "b3640af8-ded7-5d27-664e-aeacdec37578", "yes_price": 7, "yes_price_dollars": "0.0700"}
{"count": 10, "count_fp": "10.00", "created_time": "2026-02-23T19:25:35.778839Z", "no_price": 94, "no_price_dollars": "0.9400", "price": 0.06, "taker_side": "yes", "ticker": "KXINX-26FEB27H1600-B6762", "trade_id": "88e6e742-3542-5ec0-57d8-4708b58ec574", "yes_price": 6, "yes_price_dollars": "0.0600"}
{"count": 10, "count_fp": "10.00", "created_time": "2026-02-23T14:30:30.958792Z", "no_price": 89, "no_price_dollars": "0.8900", "price": 0.11, "taker_side": "yes", "ticker": "KXINX-26FEB23H1600-B6962", "trade_id": "fdd391d0-dc49-6fed-8a0c-6490b3c2954b", "yes_price": 11, "yes_price_dollars": "0.1100"}
{"count": 1, "count_fp": "1.00", "created_time": "2026-02-23T14:16:01.613054Z", "no_price": 92, "no_price_dollars": "0.9200", "price": 0.08, "taker_side": "no", "ticker": "KXINX-26FEB23H1600-B6962", "trade_id": "97b476c1-9d8c-46bf-5598-5b43fb5d019c", "yes_price": 8, "yes_price_dollars": "0.0800"}
{"count": 10, "count_fp": "10.00", "created_time": "2026-02-23T16:08:28.804092Z", "no_price": 97, "no_price_dollars": "0.9700", "price": 0.03, "taker_side": "yes", "ticker": "KXINX-26FEB23H1600-B6937", "trade_id": "f4165a18-1a22-7135-23b2-24b7ec06ad0b", "yes_price": 3, "yes_price_dollars": "0.0300"}
{"count": 40, "count_fp": "40.00", "created_time": "2026-02-23T16:08:28.804092Z", "no_price": 96, "no_price_dollars": "0.9600", "price": 0.04, "taker_side": "yes", "ticker": "KXINX-26FEB23H1600-B6937", "trade_id": "3b1891ed-a10d-7188-03e6-b043c648a3b6", "yes_price": 4, "yes_price_dollars": "0.0400"}
{"count": 1, "count_fp": "1.00", "created_time": "2026-02-23T14:58:43.351075Z", "no_price": 86, "no_price_dollars": "0.8600", "price": 0.14, "taker_side": "no", "ticker": "KXINX-26FEB23H1600-B6937", "trade_id": "9dee23c3-9eac-6821-7aee-aef893f1e3e0", "yes_price": 14, "yes_price_dollars": "0.1400"}
{"count": 42, "count_fp": "42.00", "created_time": "2026-02-23T14:38:10.371605Z", "no_price": 74, "no_price_dollars": "0.7400", "price": 0.26, "taker_side": "yes", "ticker": "KXINX-26FEB23H1600-B6937", "trade_id": "1da04977-8354-72e2-d1f4-a013775574c2", "yes_price": 26, "yes_price_dollars": "0.2600"}
{"count": 10, "count_fp": "10.00", "created_time": "2026-02-23T14:33:56.515307Z", "no_price": 74, "no_price_dollars": "0.7400", "price": 0.26, "taker_side": "no", "ticker": "KXINX-26FEB23H1600-B6937", "trade_id": "46f36237-821d-42ee-e94a-e15073f2ab10", "yes_price": 26, "yes_price_dollars": "0.2600"}
{"count": 22, "count_fp": "22.00", "created_time": "2026-02-23T10:08:33.506872Z", "no_price": 72, "no_price_dollars": "0.7200", "price": 0.28, "taker_side": "yes", "ticker": "KXINX-26FEB23H1600-B6937", "trade_id": "abc58407-6c37-6eb8-0d7b-94fa0181ac90", "yes_price": 28, "yes_price_dollars": "0.2800"}
{"count": 3, "count_fp": "3.00", "created_time": "2026-02-23T10:08:33.506872Z", "no_price": 72, "no_price_dollars": "0.7200", "price": 0.28, "taker_side": "yes", "ticker": "KXINX-26FEB23H1600-B6937", "trade_id": "6f0db47a-e57a-6585-31fc-bd94752ac9be", "yes_price": 28, "yes_price_dollars": "0.2800"}
{"count": 10, "count_fp": "10.00", "created_time": "2026-02-23T10:08:33.506872Z", "no_price": 73, "no_price_dollars": "0.7300", "price": 0.27, "taker_side": "yes", "ticker": "KXINX-26FEB23H1600-B6937", "trade_id": "6bad7882-26ad-657b-358a-1bc68c7876bc", "yes_price": 27, "yes_price_dollars": "0.2700"}
{"count": 7, "count_fp": "7.00", "created_time": "2026-02-23T18:24:32.511335Z", "no_price": 99, "no_price_dollars": "0.9900", "price": 0.01, "taker_side": "no", "ticker": "KXINX-26FEB23H1600-B6912", "trade_id": "36acfdb7-3c4c-6ff8-52c5-1a506ef007d7", "yes_price": 1, "yes_price_dollars": "0.0100"}
{"count": 48, "count_fp": "48.00", "created_time": "2026-02-23T16:07:35.586164Z", "no_price": 94, "no_price_dollars": "0.9400", "price": 0.06, "taker_side": "yes", "ticker": "KXINX-26FEB23H1600-B6912", "trade_id": "beb9d5de-d07a-6bb4-2ec1-1448ba4e9642", "yes_price": 6, "yes_price_dollars": "0.0600"}
{"count": 34, "count_fp": "34.00", "created_time": "2026-02-23T15:49:34.923566Z", "no_price": 93, "no_price_dollars": "0.9300", "price": 0.07, "taker_side": "no", "ticker": "KXINX-26FEB23H1600-B6912", "trade_id": "dae4fb49-95fb-6472-37a7-46e1c557dbe0", "yes_price": 7, "yes_price_dollars": "0.0700"}
{"count": 1, "count_fp": "1.00", "created_time": "2026-02-23T15:44:18.438174Z", "no_price": 93, "no_price_dollars": "0.9300", "price": 0.07, "taker_side": "no", "ticker": "KXINX-26FEB23H1600-B6912", "trade_id": "d94ec2fa-c72d-7f88-2263-d90d2a425192", "yes_price": 7, "yes_price_dollars": "0.0700"}
{"count": 10, "count_fp": "10.00", "created_time": "2026-02-23T15:44:18.438174Z", "no_price": 93, "no_price_dollars": "0.9300", "price": 0.07, "taker_side": "no", "ticker": "KXINX-26FEB23H1600-B6912", "trade_id": "d52919d4-ae2d-7bdc-0ce9-1f7b56b71ceb", "yes_price": 7, "yes_price_dollars": "0.0700"}
{"count": 1, "count_fp": "1.00", "created_time": "2026-02-23T15:44:18.438174Z", "no_price": 93, "no_price_dollars": "0.9300", "price": 0.07, "taker_side": "no", "ticker": "KXINX-26FEB23H1600-B6912", "trade_id": "c22ee8fa-39f5-7f2f-2975-35e8731fa148", "yes_price": 7, "yes_price_dollars": "0.0700"}
{"count": 1, "count_fp": "1.00", "created_time": "2026-02-23T15:44:18.438174Z", "no_price": 89, "no_price_dollars": "0.8900", "price": 0.11, "taker_side": "no", "ticker": "KXINX-26FEB23H1600-B6912", "trade_id": "8fef81bb-a743-714f-131e-f3606f6f39d6", "yes_price": 11, "yes_price_dollars": "0.1100"}
{"count": 12, "count_fp": "12.00", "created_time": "2026-02-23T15:44:18.438174Z", "no_price": 93, "no_price_dollars": "0.9300", "price": 0.07, "taker_side": "no", "ticker": "KXINX-26FEB23H1600-B6912", "trade_id": "3b9a7e4e-9ad1-7297-3569-105fc06d0875", "yes_price": 7, "yes_price_dollars": "0.0700"}
{"count": 1, "count_fp": "1.00", "created_time": "2026-02-23T15:44:18.438174Z", "no_price": 93, "no_price_dollars": "0.9300", "price": 0.07, "taker_side": "no", "ticker": "KXINX-26FEB23H1600-B6912", "trade_id": "1aa23c75-981c-75dd-2cd5-ef202f60c173", "yes_price": 7, "yes_price_dollars": "0.0700"}
{"count": 10, "count_fp": "10.00", "created_time": "2026-02-23T15:41:24.157419Z", "no_price": 86, "no_price_dollars": "0.8600", "price": 0.14, "taker_side": "yes", "ticker": "KXINX-26FEB23H1600-B6912", "trade_id": "5505a629-5f20-534a-87a9-e6afb5bac9a6", "yes_price": 14, "yes_price_dollars": "0.1400"}
{"count": 10, "count_fp": "10.00", "created_time": "2026-02-23T15:37:19.257916Z", "no_price": 88, "no_price_dollars": "0.8800", "price": 0.12, "taker_side": "yes", "ticker": "KXINX-26FEB23H1600-B6912", "trade_id": "2bea2209-30d1-7781-6b3c-d0c469b10670", "yes_price": 12, "yes_price_dollars": "0.1200"}
{"count": 199, "count_fp": "199.00", "created_time": "2026-02-23T15:37:19.257916Z", "no_price": 86, "no_price_dollars": "0.8600", "price": 0.14, "taker_side": "yes", "ticker": "KXINX-26FEB23H1600-B6912", "trade_id": "05da62aa-cb24-72ca-4282-a0ff6bbccf86", "yes_price": 14, "yes_price_dollars": "0.1400"}
{"count": 10, "count_fp": "10.00", "created_time": "2026-02-23T15:04:19.87764Z", "no_price": 78, "no_price_dollars": "0.7800", "price": 0.22, "taker_side": "no", "ticker": "KXINX-26FEB23H1600-B6912", "trade_id": "63d72162-795a-6866-d675-e99a75ffe4cb", "yes_price": 22, "yes_price_dollars": "0.2200"}
{"count": 1, "count_fp": "1.00", "created_time": "2026-02-23T04:20:12.64834Z", "no_price": 85, "no_price_dollars": "0.8500", "price": 0.15, "taker_side": "no", "ticker": "KXINX-26FEB23H1600-B6912", "trade_id": "84fa50bc-7729-5e19-653d-9adfcc53b8e7", "yes_price": 15, "yes_price_dollars": "0.1500"}
{"count": 1, "count_fp": "1.00", "created_time": "2026-02-23T04:18:05.457694Z", "no_price": 85, "no_price_dollars": "0.8500", "price": 0.15, "taker_side": "no", "ticker": "KXINX-26FEB23H1600-B6912", "trade_id": "75cae5ee-d22d-5cb1-df3b-d6ae68670623", "yes_price": 15, "yes_price_dollars": "0.1500"}
{"count": 1, "count_fp": "1.00", "created_time": "2026-02-23T04:17:32.68458Z", "no_price": 85, "no_price_dollars": "0.8500", "price": 0.15, "taker_side": "no", "ticker": "KXINX-26FEB23H1600-B6912", "trade_id": "137678e2-dbb1-73b5-a32f-dd7297560ad7", "yes_price": 15, "yes_price_dollars": "0.1500"}
{"count": 1, "count_fp": "1.00", "created_time": "2026-02-23T01:53:27.964654Z", "no_price": 82, "no_price_dollars": "0.8200", "price": 0.18, "taker_side": "no", "ticker": "KXINX-26FEB23H1600-B6912", "trade_id": "5cec0a39-8054-5c12-f850-b29ecd82b6de", "yes_price": 18, "yes_price_dollars": "0.1800"}
{"count": 3, "count_fp": "3.00", "created_time": "2026-02-23T01:49:45.87502Z", "no_price": 75, "no_price_dollars": "0.7500", "price": 0.25, "taker_side": "no", "ticker": "KXINX-26FEB23H1600-B6912", "trade_id": "fc3d298c-8b6a-40a6-98b8-59d5ba05ca34", "yes_price": 25, "yes_price_dollars": "0.2500"}
{"count": 5, "count_fp": "5.00", "created_time": "2026-02-23T01:49:45.87502Z", "no_price": 75, "no_price_dollars": "0.7500", "price": 0.25, "taker_side": "no", "ticker": "KXINX-26FEB23H1600-B6912", "trade_id": "b10f3d94-9070-491a-aef8-734b1267f897", "yes_price": 25, "yes_price_dollars": "0.2500"}
{"count": 10, "count_fp": "10.00", "created_time": "2026-02-23T01:49:44.653547Z", "no_price": 75, "no_price_dollars": "0.7500", "price": 0.25, "taker_side": "no", "ticker": "KXINX-26FEB23H1600-B6912", "trade_id": "d0d449d0-ea54-628e-78e6-6affc7044ddf", "yes_price": 25, "yes_price_dollars": "0.2500"}
{"count": 2, "count_fp": "2.00", "created_time": "2026-02-23T19:21:13.612368Z", "no_price": 98, "no_price_dollars": "0.9800", "price": 0.02, "taker_side": "no", "ticker": "KXINX-26FEB23H1600-B6887", "trade_id": "874a79ce-7240-7b51-6c7d-77aa232d726c", "yes_price": 2, "yes_price_dollars": "0.0200"}
{"count": 20, "count_fp": "20.00", "created_time": "2026-02-23T18:41:18.680781Z", "no_price": 90, "no_price_dollars": "0.9000", "price": 0.1, "taker_side": "no", "ticker": "KXINX-26FEB23H1600-B6887", "trade_id": "b99d4dc6-2e08-777c-0649-33b49062558f", "yes_price": 10, "yes_price_dollars": "0.1000"}
{"count": 3, "count_fp": "3.00", "created_time": "2026-02-23T18:24:31.70994Z", "no_price": 86, "no_price_dollars": "0.8600", "price": 0.14, "taker_side": "no", "ticker": "KXINX-26FEB23H1600-B6887", "trade_id": "a31e8319-662d-5c77-ddaf-59c8def18886", "yes_price": 14, "yes_price_dollars": "0.1400"}
{"count": 100, "count_fp": "100.00", "created_time": "2026-02-23T18:15:54.244616Z", "no_price": 90, "no_price_dollars": "0.9000", "price": 0.1, "taker_side": "yes", "ticker": "KXINX-26FEB23H1600-B6887", "trade_id": "5a545d5d-e322-6a1a-5e05-2a02363038c2", "yes_price": 10, "yes_price_dollars": "0.1000"}
{"count": 1, "count_fp": "1.00", "created_time": "2026-02-23T18:00:43.847936Z", "no_price": 97, "no_price_dollars": "0.9700", "price": 0.03, "taker_side": "no", "ticker": "KXINX-26FEB23H1600-B6887", "trade_id": "73c90f69-f521-799f-6615-0e742084b4d6", "yes_price": 3, "yes_price_dollars": "0.0300"}
{"count": 1, "count_fp": "1.00", "created_time": "2026-02-23T18:00:43.834184Z", "no_price": 97, "no_price_dollars": "0.9700", "price": 0.03, "taker_side": "no", "ticker": "KXINX-26FEB23H1600-B6887", "trade_id": "f0db0bcb-9319-60bb-5f33-764f7838d07a", "yes_price": 3, "yes_price_dollars": "0.0300"}
{"count": 5, "count_fp": "5.00", "created_time": "2026-02-23T17:03:21.802109Z", "no_price": 85, "no_price_dollars": "0.8500", "price": 0.15, "taker_side": "no", "ticker": "KXINX-26FEB23H1600-B6887", "trade_id": "5905ac77-051b-4c1a-0c47-3ab6b51becae", "yes_price": 15, "yes_price_dollars": "0.1500"}
{"count": 10, "count_fp": "10.00", "created_time": "2026-02-23T17:03:21.754067Z", "no_price": 85, "no_price_dollars": "0.8500", "price": 0.15, "taker_side": "yes", "ticker": "KXINX-26FEB23H1600-B6887", "trade_id": "11e44317-3862-439e-7a82-e7e73fc42782", "yes_price": 15, "yes_price_dollars": "0.1500"}
{"count": 10, "count_fp": "10.00", "created_time": "2026-02-23T16:18:16.725484Z", "no_price": 89, "no_price_dollars": "0.8900", "price": 0.11, "taker_side": "yes", "ticker": "KXINX-26FEB23H1600-B6887", "trade_id": "72b4c699-19c0-54e5-dfb1-1d05dad5aebe", "yes_price": 11, "yes_price_dollars": "0.1100"}
{"count": 395, "count_fp": "395.00", "created_time": "2026-02-23T16:18:16.725484Z", "no_price": 88, "no_price_dollars": "0.8800", "price": 0.12, "taker_side": "yes", "ticker": "KXINX-26FEB23H1600-B6887", "trade_id": "603101fd-f9b5-54b5-f9ee-bec66bea608f", "yes_price": 12, "yes_price_dollars": "0.1200"}
{"count": 10, "count_fp": "10.00", "created_time": "2026-02-23T16:14:35.49265Z", "no_price": 93, "no_price_dollars": "0.9300", "price": 0.07, "taker_side": "no", "ticker": "KXINX-26FEB23H1600-B6887", "trade_id": "6cb33991-fff5-5fe6-0889-0a5d7e754f99", "yes_price": 7, "yes_price_dollars": "0.0700"}
{"count": 17, "count_fp": "17.00", "created_time": "2026-02-23T16:14:35.49265Z", "no_price": 94, "no_price_dollars": "0.9400", "price": 0.06, "taker_side": "no", "ticker": "KXINX-26FEB23H1600-B6887", "trade_id": "163e41bb-f686-5e77-1522-b86762ee518a", "yes_price": 6, "yes_price_dollars": "0.0600"}
{"count": 1, "count_fp": "1.00", "created_time": "2026-02-23T16:11:55.571849Z", "no_price": 89, "no_price_dollars": "0.8900", "price": 0.11, "taker_side": "no", "ticker": "KXINX-26FEB23H1600-B6887", "trade_id": "874dba8e-eb8d-7622-aaa1-7e28dcf40bbe", "yes_price": 11, "yes_price_dollars": "0.1100"}
{"count": 1, "count_fp": "1.00", "created_time": "2026-02-23T16:11:55.571849Z", "no_price": 89, "no_price_dollars": "0.8900", "price": 0.11, "taker_side": "no", "ticker": "KXINX-26FEB23H1600-B6887", "trade_id": "763b4c6e-2980-770d-902a-15749d5e299b", "yes_price": 11, "yes_price_dollars": "0.1100"}
{"count": 1, "count_fp": "1.00", "created_time": "2026-02-23T16:11:55.571849Z", "no_price": 89, "no_price_dollars": "0.8900", "price": 0.11, "taker_side": "no", "ticker": "KXINX-26FEB23H1600-B6887", "trade_id": "1b585c27-f2fc-7197-b392-7975c600e427", "yes_price": 11, "yes_price_dollars": "0.1100"}
{"count": 10, "count_fp": "10.00", "created_time": "2026-02-23T16:11:26.295975Z", "no_price": 88, "no_price_dollars": "0.8800", "price": 0.12, "taker_side": "no", "ticker": "KXINX-26FEB23H1600-B6887", "trade_id": "cd39b4d4-346b-75ca-911a-e40ba33ce8f5", "yes_price": 12, "yes_price_dollars": "0.1200"}
{"count": 10, "count_fp": "10.00", "created_time": "2026-02-23T15:31:09.125972Z", "no_price": 74, "no_price_dollars": "0.7400", "price": 0.26, "taker_side": "yes", "ticker": "KXINX-26FEB23H1600-B6887", "trade_id": "8db8fe8d-ab10-7844-fae9-5182037f694f", "yes_price": 26, "yes_price_dollars": "0.2600"}
{"count": 10, "count_fp": "10.00", "created_time": "2026-02-23T15:11:59.95822Z", "no_price": 74, "no_price_dollars": "0.7400", "price": 0.26, "taker_side": "yes", "ticker": "KXINX-26FEB23H1600-B6887", "trade_id": "fed78e3f-ec83-4627-090d-7458fbde6980", "yes_price": 26, "yes_price_dollars": "0.2600"}
{"count": 170, "count_fp": "170.00", "created_time": "2026-02-23T15:11:59.95822Z", "no_price": 73, "no_price_dollars": "0.7300", "price": 0.27, "taker_side": "yes", "ticker": "KXINX-26FEB23H1600-B6887", "trade_id": "fecf1337-8b16-401d-18ba-a50997819444", "yes_price": 27, "yes_price_dollars": "0.2700"}
{"count": 12, "count_fp": "12.00", "created_time": "2026-02-23T14:34:42.415134Z", "no_price": 82, "no_price_dollars": "0.8200", "price": 0.18, "taker_side": "yes", "ticker": "KXINX-26FEB23H1600-B6887", "trade_id": "61e3fa04-1706-5d6a-2a8b-84734b87b546", "yes_price": 18, "yes_price_dollars": "0.1800"}
{"count": 2, "count_fp": "2.00", "created_time": "2026-02-23T12:01:38.634979Z", "no_price": 76, "no_price_dollars": "0.7600", "price": 0.24, "taker_side": "yes", "ticker": "KXINX-26FEB23H1600-B6887", "trade_id": "2e95d717-85ee-658a-e5bd-f8f01bccc35d", "yes_price": 24, "yes_price_dollars": "0.2400"}
{"count": 1, "count_fp": "1.00", "created_time": "2026-02-23T04:24:25.50236Z", "no_price": 81, "no_price_dollars": "0.8100", "price": 0.19, "taker_side": "no", "ticker": "KXINX-26FEB23H1600-B6887", "trade_id": "596c68ed-717c-51a1-1751-d11394a75a97", "yes_price": 19, "yes_price_dollars": "0.1900"}
{"count": 1, "count_fp": "1.00", "created_time": "2026-02-23T04:22:51.761332Z", "no_price": 81, "no_price_dollars": "0.8100", "price": 0.19, "taker_side": "no", "ticker": "KXINX-26FEB23H1600-B6887", "trade_id": "148196e9-4928-7afd-8fb1-4c61b1a5d607", "yes_price": 19, "yes_price_dollars": "0.1900"}
{"count": 1, "count_fp": "1.00", "created_time": "2026-02-23T04:22:19.019426Z", "no_price": 81, "no_price_dollars": "0.8100", "price": 0.19, "taker_side": "no", "ticker": "KXINX-26FEB23H1600-B6887", "trade_id": "f0299f3e-7e04-73e1-dfda-f8076f4bdc7b", "yes_price": 19, "yes_price_dollars": "0.1900"}
{"count": 3, "count_fp": "3.00", "created_time": "2026-02-23T03:50:31.251069Z", "no_price": 79, "no_price_dollars": "0.7900", "price": 0.21, "taker_side": "yes", "ticker": "KXINX-26FEB23H1600-B6887", "trade_id": "8eb496e0-a8cc-5e06-5a5b-99506c08bb83", "yes_price": 21, "yes_price_dollars": "0.2100"}
{"count": 3, "count_fp": "3.00", "created_time": "2026-02-23T03:47:48.202986Z", "no_price": 82, "no_price_dollars": "0.8200", "price": 0.18, "taker_side": "yes", "ticker": "KXINX-26FEB23H1600-B6887", "trade_id": "b7911083-c734-67fc-ec23-e85d0ad0a4d8", "yes_price": 18, "yes_price_dollars": "0.1800"}
{"count": 8, "count_fp": "8.00", "created_time": "2026-02-23T03:47:48.202986Z", "no_price": 70, "no_price_dollars": "0.7000", "price": 0.3, "taker_side": "yes", "ticker": "KXINX-26FEB23H1600-B6887", "trade_id": "adc6b456-4bcf-6aea-e77d-6620c8d466ec", "yes_price": 30, "yes_price_dollars": "0.3000"}
{"count": 10, "count_fp": "10.00", "created_time": "2026-02-23T03:47:48.202986Z", "no_price": 82, "no_price_dollars": "0.8200", "price": 0.18, "taker_side": "yes", "ticker": "KXINX-26FEB23H1600-B6887", "trade_id": "17e80e4f-6a5c-6464-c1a5-1a6e7385276a", "yes_price": 18, "yes_price_dollars": "0.1800"}
{"count": 5, "count_fp": "5.00", "created_time": "2026-02-23T01:05:35.882396Z", "no_price": 71, "no_price_dollars": "0.7100", "price": 0.29, "taker_side": "no", "ticker": "KXINX-26FEB23H1600-B6887", "trade_id": "940dad2a-7635-7691-b8ee-aaaf3599ea29", "yes_price": 29, "yes_price_dollars": "0.2900"}
{"count": 100, "count_fp": "100.00", "created_time": "2026-02-23T20:52:52.460134Z", "no_price": 99, "no_price_dollars": "0.9900", "price": 0.01, "taker_side": "no", "ticker": "KXINX-26FEB23H1600-B6862", "trade_id": "c8a6a818-1de7-549d-ffad-5b69a933a792", "yes_price": 1, "yes_price_dollars": "0.0100"}
{"count": 10, "count_fp": "10.00", "created_time": "2026-02-23T20:50:04.024681Z", "no_price": 94, "no_price_dollars": "0.9400", "price": 0.06, "taker_side": "yes", "ticker": "KXINX-26FEB23H1600-B6862", "trade_id": "90c12ccd-b7d1-6075-2ae0-702d225f4c3f", "yes_price": 6, "yes_price_dollars": "0.0600"}
{"count": 6, "count_fp": "6.00", "created_time": "2026-02-23T20:47:10.501187Z", "no_price": 98, "no_price_dollars": "0.9800", "price": 0.02, "taker_side": "yes", "ticker": "KXINX-26FEB23H1600-B6862", "trade_id": "a853d5e3-a167-40f5-c3b1-16f62ec945c0", "yes_price": 2, "yes_price_dollars": "0.0200"}
{"count": 10, "count_fp": "10.00", "created_time": "2026-02-23T20:35:27.900789Z", "no_price": 88, "no_price_dollars": "0.8800", "price": 0.12, "taker_side": "no", "ticker": "KXINX-26FEB23H1600-B6862", "trade_id": "8b9f5d1e-7fc0-648d-c14d-6151873c138e", "yes_price": 12, "yes_price_dollars": "0.1200"}
{"count": 4, "count_fp": "4.00", "created_time": "2026-02-23T20:33:54.682128Z", "no_price": 87, "no_price_dollars": "0.8700", "price": 0.13, "taker_side": "no", "ticker": "KXINX-26FEB23H1600-B6862", "trade_id": "9ee93f7a-856c-4a4d-e7a3-2da8dd3d5cb2", "yes_price": 13, "yes_price_dollars": "0.1300"}
{"count": 30, "count_fp": "30.00", "created_time": "2026-02-23T20:33:49.182289Z", "no_price": 87, "no_price_dollars": "0.8700", "price": 0.13, "taker_side": "no", "ticker": "KXINX-26FEB23H1600-B6862", "trade_id": "058b9eb2-5b26-4998-104b-a540a0f5ed47", "yes_price": 13, "yes_price_dollars": "0.1300"}
{"count": 10, "count_fp": "10.00", "created_time": "2026-02-23T20:33:49.11024Z", "no_price": 87, "no_price_dollars": "0.8700", "price": 0.13, "taker_side": "yes", "ticker": "KXINX-26FEB23H1600-B6862", "trade_id": "f514a164-f40a-4c94-c4a6-e95648d20386", "yes_price": 13, "yes_price_dollars": "0.1300"}
{"count": 24, "count_fp": "24.00", "created_time": "2026-02-23T20:33:43.451684Z", "no_price": 88, "no_price_dollars": "0.8800", "price": 0.12, "taker_side": "yes", "ticker": "KXINX-26FEB23H1600-B6862", "trade_id": "60474307-974a-4b47-d33f-105aac64b3bc", "yes_price": 12, "yes_price_dollars": "0.1200"}
{"count": 13, "count_fp": "13.00", "created_time": "2026-02-23T20:31:34.560309Z", "no_price": 92, "no_price_dollars": "0.9200", "price": 0.08, "taker_side": "yes", "ticker": "KXINX-26FEB23H1600-B6862", "trade_id": "4fcb0b29-f24d-472c-d2ff-453e4fb4b39a", "yes_price": 8, "yes_price_dollars": "0.0800"}
{"count": 10, "count_fp": "10.00", "created_time": "2026-02-23T20:31:34.560309Z", "no_price": 92, "no_price_dollars": "0.9200", "price": 0.08, "taker_side": "yes", "ticker": "KXINX-26FEB23H1600-B6862", "trade_id": "1cf72e8e-c1fd-4a65-d8eb-fd8f15ff359e", "yes_price": 8, "yes_price_dollars": "0.0800"}
{"count": 10, "count_fp": "10.00", "created_time": "2026-02-23T20:31:13.033581Z", "no_price": 93, "no_price_dollars": "0.9300", "price": 0.07, "taker_side": "no", "ticker": "KXINX-26FEB23H1600-B6862", "trade_id": "2ea5944e-16e4-7201-f9a3-1139620d5fe6", "yes_price": 7, "yes_price_dollars": "0.0700"}
{"count": 10, "count_fp": "10.00", "created_time": "2026-02-23T20:30:32.539312Z", "no_price": 93, "no_price_dollars": "0.9300", "price": 0.07, "taker_side": "yes", "ticker": "KXINX-26FEB23H1600-B6862", "trade_id": "b02363cd-cd2e-4f93-e596-c753e4274efb", "yes_price": 7, "yes_price_dollars": "0.0700"}
{"count": 6, "count_fp": "6.00", "created_time": "2026-02-23T20:28:54.351881Z", "no_price": 96, "no_price_dollars": "0.9600", "price": 0.04, "taker_side": "yes", "ticker": "KXINX-26FEB23H1600-B6862", "trade_id": "ce03b171-0258-426d-d265-a7aee3f32247", "yes_price": 4, "yes_price_dollars": "0.0400"}
{"count": 22, "count_fp": "22.00", "created_time": "2026-02-23T20:28:52.23675Z", "no_price": 96, "no_price_dollars": "0.9600", "price": 0.04, "taker_side": "yes", "ticker": "KXINX-26FEB23H1600-B6862", "trade_id": "04470b37-5a09-4408-e7eb-0d46a25d33cc", "yes_price": 4, "yes_price_dollars": "0.0400"}
{"count": 22, "count_fp": "22.00", "created_time": "2026-02-23T20:27:01.591577Z", "no_price": 97, "no_price_dollars": "0.9700", "price": 0.03, "taker_side": "yes", "ticker": "KXINX-26FEB23H1600-B6862", "trade_id": "bcd33e0c-4e14-49d8-73b1-84c36b6f96b7", "yes_price": 3, "yes_price_dollars": "0.0300"}
{"count": 6, "count_fp": "6.00", "created_time": "2026-02-23T20:25:20.531116Z", "no_price": 97, "no_price_dollars": "0.9700", "price": 0.03, "taker_side": "yes", "ticker": "KXINX-26FEB23H1600-B6862", "trade_id": "7d264972-45ad-69c1-31e3-e814d69c4f8b", "yes_price": 3, "yes_price_dollars": "0.0300"}
{"count": 21, "count_fp": "21.00", "created_time": "2026-02-23T20:15:25.400942Z", "no_price": 97, "no_price_dollars": "0.9700", "price": 0.03, "taker_side": "yes", "ticker": "KXINX-26FEB23H1600-B6862", "trade_id": "e054f677-6311-4ec0-6a43-2e6c548ea6f2", "yes_price": 3, "yes_price_dollars": "0.0300"}
{"count": 10, "count_fp": "10.00", "created_time": "2026-02-23T20:15:25.400942Z", "no_price": 97, "no_price_dollars": "0.9700", "price": 0.03, "taker_side": "yes", "ticker": "KXINX-26FEB23H1600-B6862", "trade_id": "aba75976-18bb-4ee5-749c-2d56f5319019", "yes_price": 3, "yes_price_dollars": "0.0300"}
{"count": 19, "count_fp": "19.00", "created_time": "2026-02-23T20:11:14.958705Z", "no_price": 97, "no_price_dollars": "0.9700", "price": 0.03, "taker_side": "yes", "ticker": "KXINX-26FEB23H1600-B6862", "trade_id": "f60fed97-3b5b-6225-a741-97a3e2389e5b", "yes_price": 3, "yes_price_dollars": "0.0300"}
{"count": 2, "count_fp": "2.00", "created_time": "2026-02-23T20:11:14.958705Z", "no_price": 97, "no_price_dollars": "0.9700", "price": 0.03, "taker_side": "yes", "ticker": "KXINX-26FEB23H1600-B6862", "trade_id": "918c6c38-ad1f-6454-8f6c-a3d8cc021f68", "yes_price": 3, "yes_price_dollars": "0.0300"}
{"count": 10, "count_fp": "10.00", "created_time": "2026-02-23T20:00:42.954198Z", "no_price": 93, "no_price_dollars": "0.9300", "price": 0.07, "taker_side": "yes", "ticker": "KXINX-26FEB23H1600-B6862", "trade_id": "636b8d1a-5372-52b6-a34e-54d4347e8dea", "yes_price": 7, "yes_price_dollars": "0.0700"}
{"count": 3, "count_fp": "3.00", "created_time": "2026-02-23T20:00:42.954198Z", "no_price": 93, "no_price_dollars": "0.9300", "price": 0.07, "taker_side": "yes", "ticker": "KXINX-26FEB23H1600-B6862", "trade_id": "3c150881-81f0-5aa4-9828-e29bd639e5bd", "yes_price": 7, "yes_price_dollars": "0.0700"}
{"count": 10, "count_fp": "10.00", "created_time": "2026-02-23T19:56:39.176686Z", "no_price": 92, "no_price_dollars": "0.9200", "price": 0.08, "taker_side": "yes", "ticker": "KXINX-26FEB23H1600-B6862", "trade_id": "d4f457fd-c4cf-45a4-b5b7-d669fd37d0af", "yes_price": 8, "yes_price_dollars": "0.0800"}
{"count": 4, "count_fp": "4.00", "created_time": "2026-02-23T19:56:39.176686Z", "no_price": 92, "no_price_dollars": "0.9200", "price": 0.08, "taker_side": "yes", "ticker": "KXINX-26FEB23H1600-B6862", "trade_id": "79f069b8-5c07-47a9-bad4-b57b27e02402", "yes_price": 8, "yes_price_dollars": "0.0800"}
{"count": 20, "count_fp": "20.00", "created_time": "2026-02-23T19:42:40.278025Z", "no_price": 95, "no_price_dollars": "0.9500", "price": 0.05, "taker_side": "no", "ticker": "KXINX-26FEB23H1600-B6862", "trade_id": "c6c348f2-d188-4c5f-789d-9503cda83b00", "yes_price": 5, "yes_price_dollars": "0.0500"}
{"count": 10, "count_fp": "10.00", "created_time": "2026-02-23T19:26:15.366703Z", "no_price": 88, "no_price_dollars": "0.8800", "price": 0.12, "taker_side": "no", "ticker": "KXINX-26FEB23H1600-B6862", "trade_id": "be4e9192-548b-7c1c-266f-6f315ed8f004", "yes_price": 12, "yes_price_dollars": "0.1200"}
{"count": 6, "count_fp": "6.00", "created_time": "2026-02-23T19:26:15.366703Z", "no_price": 88, "no_price_dollars": "0.8800", "price": 0.12, "taker_side": "no", "ticker": "KXINX-26FEB23H1600-B6862", "trade_id": "64ea3d0a-61cb-7108-24aa-89ead0944b1f", "yes_price": 12, "yes_price_dollars": "0.1200"}
{"count": 40, "count_fp": "40.00", "created_time": "2026-02-23T19:22:52.753947Z", "no_price": 81, "no_price_dollars": "0.8100", "price": 0.19, "taker_side": "yes", "ticker": "KXINX-26FEB23H1600-B6862", "trade_id": "7b96e394-3791-4ff5-77ad-6716c4d0bef8", "yes_price": 19, "yes_price_dollars": "0.1900"}
{"count": 10, "count_fp": "10.00", "created_time": "2026-02-23T19:22:51.471526Z", "no_price": 86, "no_price_dollars": "0.8600", "price": 0.14, "taker_side": "yes", "ticker": "KXINX-26FEB23H1600-B6862", "trade_id": "6835e8c5-6db1-6548-bc16-d7ac17fd8e07", "yes_price": 14, "yes_price_dollars": "0.1400"}
{"count": 7, "count_fp": "7.00", "created_time": "2026-02-23T19:22:48.425089Z", "no_price": 87, "no_price_dollars": "0.8700", "price": 0.13, "taker_side": "yes", "ticker": "KXINX-26FEB23H1600-B6862", "trade_id": "91aad025-f8d2-62a0-9422-0ca4aa6b7601", "yes_price": 13, "yes_price_dollars": "0.1300"}
{"count": 22, "count_fp": "22.00", "created_time": "2026-02-23T19:04:50.43861Z", "no_price": 82, "no_price_dollars": "0.8200", "price": 0.18, "taker_side": "no", "ticker": "KXINX-26FEB23H1600-B6862", "trade_id": "39575235-dfab-615e-b1ea-56c2bb8bdfe1", "yes_price": 18, "yes_price_dollars": "0.1800"}
{"count": 4, "count_fp": "4.00", "created_time": "2026-02-23T19:03:48.985789Z", "no_price": 81, "no_price_dollars": "0.8100", "price": 0.19, "taker_side": "no", "ticker": "KXINX-26FEB23H1600-B6862", "trade_id": "d31e9fe8-148d-69b5-1eeb-38425e25a8d7", "yes_price": 19, "yes_price_dollars": "0.1900"}
{"count": 14, "count_fp": "14.00", "created_time": "2026-02-23T19:03:48.985789Z", "no_price": 80, "no_price_dollars": "0.8000", "price": 0.2, "taker_side": "no", "ticker": "KXINX-26FEB23H1600-B6862", "trade_id": "03849da0-306f-60bb-3e7e-2130c3c7f9a7", "yes_price": 20, "yes_price_dollars": "0.2000"}
{"count": 10, "count_fp": "10.00", "created_time": "2026-02-23T19:02:39.236049Z", "no_price": 78, "no_price_dollars": "0.7800", "price": 0.22, "taker_side": "no", "ticker": "KXINX-26FEB23H1600-B6862", "trade_id": "bbd43acf-859e-5233-5dca-f610e013b483", "yes_price": 22, "yes_price_dollars": "0.2200"}
{"count": 8, "count_fp": "8.00", "created_time": "2026-02-23T19:01:30.892171Z", "no_price": 73, "no_price_dollars": "0.7300", "price": 0.27, "taker_side": "yes", "ticker": "KXINX-26FEB23H1600-B6862", "trade_id": "7c2a8f20-d8ce-6a2a-5083-4f751d90a1d3", "yes_price": 27, "yes_price_dollars": "0.2700"}
{"count": 10, "count_fp": "10.00", "created_time": "2026-02-23T19:01:30.892171Z", "no_price": 73, "no_price_dollars": "0.7300", "price": 0.27, "taker_side": "yes", "ticker": "KXINX-26FEB23H1600-B6862", "trade_id": "6530ac25-eebf-668d-71d1-a4ad9612d2b8", "yes_price": 27, "yes_price_dollars": "0.2700"}
{"count": 1, "count_fp": "1.00", "created_time": "2026-02-23T19:00:49.845764Z", "no_price": 77, "no_price_dollars": "0.7700", "price": 0.23, "taker_side": "yes", "ticker": "KXINX-26FEB23H1600-B6862", "trade_id": "baf2a04a-406f-7404-0b01-ba0e98a12184", "yes_price": 23, "yes_price_dollars": "0.2300"}
{"count": 10, "count_fp": "10.00", "created_time": "2026-02-23T18:56:27.608815Z", "no_price": 75, "no_price_dollars": "0.7500", "price": 0.25, "taker_side": "no", "ticker": "KXINX-26FEB23H1600-B6862", "trade_id": "7a94cc2e-ad24-7a84-e28a-3f310b2ca1b6", "yes_price": 25, "yes_price_dollars": "0.2500"}
{"count": 13, "count_fp": "13.00", "created_time": "2026-02-23T18:56:27.608815Z", "no_price": 76, "no_price_dollars": "0.7600", "price": 0.24, "taker_side": "no", "ticker": "KXINX-26FEB23H1600-B6862", "trade_id": "4abd75ed-0ad8-7ba8-d5d2-07510e974f70", "yes_price": 24, "yes_price_dollars": "0.2400"}
{"count": 10, "count_fp": "10.00", "created_time": "2026-02-23T18:56:03.090969Z", "no_price": 73, "no_price_dollars": "0.7300", "price": 0.27, "taker_side": "no", "ticker": "KXINX-26FEB23H1600-B6862", "trade_id": "f2a7ce4a-5981-56bc-64f9-386574458593", "yes_price": 27, "yes_price_dollars": "0.2700"}
{"count": 10, "count_fp": "10.00", "created_time": "2026-02-23T18:55:51.563448Z", "no_price": 70, "no_price_dollars": "0.7000", "price": 0.3, "taker_side": "no", "ticker": "KXINX-26FEB23H1600-B6862", "trade_id": "014f5f8a-838d-55e5-7081-7928339dbba8", "yes_price": 30, "yes_price_dollars": "0.3000"}
{"count": 10, "count_fp": "10.00", "created_time": "2026-02-23T18:54:20.967676Z", "no_price": 67, "no_price_dollars": "0.6700", "price": 0.33, "taker_side": "no", "ticker": "KXINX-26FEB23H1600-B6862", "trade_id": "81b3ef55-d153-57ba-51b6-2705449d3381", "yes_price": 33, "yes_price_dollars": "0.3300"}
{"count": 10, "count_fp": "10.00", "created_time": "2026-02-23T18:54:03.506668Z", "no_price": 64, "no_price_dollars": "0.6400", "price": 0.36, "taker_side": "no", "ticker": "KXINX-26FEB23H1600-B6862", "trade_id": "1a39c5eb-3b1c-5b86-6d6d-11b8a95ef536", "yes_price": 36, "yes_price_dollars": "0.3600"}
{"count": 10, "count_fp": "10.00", "created_time": "2026-02-23T18:51:02.535434Z", "no_price": 59, "no_price_dollars": "0.5900", "price": 0.41, "taker_side": "no", "ticker": "KXINX-26FEB23H1600-B6862", "trade_id": "c1d8fc55-fcf7-5f80-5402-2aff382f2737", "yes_price": 41, "yes_price_dollars": "0.4100"}
{"count": 10, "count_fp": "10.00", "created_time": "2026-02-23T18:48:10.050162Z", "no_price": 60, "no_price_dollars": "0.6000", "price": 0.4, "taker_side": "yes", "ticker": "KXINX-26FEB23H1600-B6862", "trade_id": "f0390177-dd77-47fc-6b93-fab3501d21be", "yes_price": 40, "yes_price_dollars": "0.4000"}
{"count": 40, "count_fp": "40.00", "created_time": "2026-02-23T18:42:23.58714Z", "no_price": 60, "no_price_dollars": "0.6000", "price": 0.4, "taker_side": "no", "ticker": "KXINX-26FEB23H1600-B6862", "trade_id": "d98b7945-ea1d-5bca-0dd7-8f67d60b6e3f", "yes_price": 40, "yes_price_dollars": "0.4000"}
{"count": 10, "count_fp": "10.00", "created_time": "2026-02-23T18:42:23.58714Z", "no_price": 58, "no_price_dollars": "0.5800", "price": 0.42, "taker_side": "no", "ticker": "KXINX-26FEB23H1600-B6862", "trade_id": "62d87280-0a7a-5b8b-1a69-e1d21d50d157", "yes_price": 42, "yes_price_dollars": "0.4200"}
{"count": 10, "count_fp": "10.00", "created_time": "2026-02-23T18:39:17.82445Z", "no_price": 54, "no_price_dollars": "0.5400", "price": 0.46, "taker_side": "no", "ticker": "KXINX-26FEB23H1600-B6862", "trade_id": "a2ce138f-36ad-40f2-2ed2-823ca6f9dc79", "yes_price": 46, "yes_price_dollars": "0.4600"}
{"count": 12, "count_fp": "12.00", "created_time": "2026-02-23T18:37:05.973363Z", "no_price": 55, "no_price_dollars": "0.5500", "price": 0.45, "taker_side": "yes", "ticker": "KXINX-26FEB23H1600-B6862", "trade_id": "283c1b54-e40f-4293-54da-05402bc6d4e4", "yes_price": 45, "yes_price_dollars": "0.4500"}
{"count": 8, "count_fp": "8.00", "created_time": "2026-02-23T18:30:58.531219Z", "no_price": 57, "no_price_dollars": "0.5700", "price": 0.43, "taker_side": "no", "ticker": "KXINX-26FEB23H1600-B6862", "trade_id": "b81a51aa-6dd6-7267-1a73-21e0803d252c", "yes_price": 43, "yes_price_dollars": "0.4300"}
{"count": 42, "count_fp": "42.00", "created_time": "2026-02-23T18:30:58.531219Z", "no_price": 60, "no_price_dollars": "0.6000", "price": 0.4, "taker_side": "no", "ticker": "KXINX-26FEB23H1600-B6862", "trade_id": "782749d6-b65d-70f6-0219-143e6b0ce4fb", "yes_price": 40, "yes_price_dollars": "0.4000"}
{"count": 1, "count_fp": "1.00", "created_time": "2026-02-23T18:27:43.050738Z", "no_price": 57, "no_price_dollars": "0.5700", "price": 0.43, "taker_side": "no", "ticker": "KXINX-26FEB23H1600-B6862", "trade_id": "3b376f42-04d2-5903-493e-0427f12e7134", "yes_price": 43, "yes_price_dollars": "0.4300"}
{"count": 36, "count_fp": "36.00", "created_time": "2026-02-23T18:27:00.337321Z", "no_price": 58, "no_price_dollars": "0.5800", "price": 0.42, "taker_side": "yes", "ticker": "KXINX-26FEB23H1600-B6862", "trade_id": "0a4ce7c8-e699-756f-944c-75b623186dd7", "yes_price": 42, "yes_price_dollars": "0.4200"}
{"count": 16, "count_fp": "16.00", "created_time": "2026-02-23T18:24:04.177882Z", "no_price": 58, "no_price_dollars": "0.5800", "price": 0.42, "taker_side": "yes", "ticker": "KXINX-26FEB23H1600-B6862", "trade_id": "e7afdc61-d8f9-792b-f2bd-d9911b73c37f", "yes_price": 42, "yes_price_dollars": "0.4200"}
{"count": 3, "count_fp": "3.00", "created_time": "2026-02-23T18:19:03.609221Z", "no_price": 64, "no_price_dollars": "0.6400", "price": 0.36, "taker_side": "yes", "ticker": "KXINX-26FEB23H1600-B6862", "trade_id": "872257ef-9a4f-778c-b231-38395fe860c2", "yes_price": 36, "yes_price_dollars": "0.3600"}
{"count": 100, "count_fp": "100.00", "created_time": "2026-02-23T18:15:53.338634Z", "no_price": 64, "no_price_dollars": "0.6400", "price": 0.36, "taker_side": "yes", "ticker": "KXINX-26FEB23H1600-B6862", "trade_id": "465e0c1d-c45e-7ed7-b620-5f7cc540f902", "yes_price": 36, "yes_price_dollars": "0.3600"}
{"count": 1, "count_fp": "1.00", "created_time": "2026-02-23T18:15:06.882007Z", "no_price": 65, "no_price_dollars": "0.6500", "price": 0.35, "taker_side": "no", "ticker": "KXINX-26FEB23H1600-B6862", "trade_id": "44e5eb51-3a02-7773-9cd9-ca8ccab54dc4", "yes_price": 35, "yes_price_dollars": "0.3500"}
{"count": 13, "count_fp": "13.00", "created_time": "2026-02-23T18:07:55.223135Z", "no_price": 59, "no_price_dollars": "0.5900", "price": 0.41, "taker_side": "yes", "ticker": "KXINX-26FEB23H1600-B6862", "trade_id": "6f5c2361-712c-7396-1da5-56ab00180304", "yes_price": 41, "yes_price_dollars": "0.4100"}
{"count": 10, "count_fp": "10.00", "created_time": "2026-02-23T18:07:55.223135Z", "no_price": 59, "no_price_dollars": "0.5900", "price": 0.41, "taker_side": "yes", "ticker": "KXINX-26FEB23H1600-B6862", "trade_id": "65ead215-6999-7d02-0b86-181c28c79e47", "yes_price": 41, "yes_price_dollars": "0.4100"}
{"count": 3, "count_fp": "3.00", "created_time": "2026-02-23T18:06:19.999027Z", "no_price": 70, "no_price_dollars": "0.7000", "price": 0.3, "taker_side": "yes", "ticker": "KXINX-26FEB23H1600-B6862", "trade_id": "c39200fc-df22-566f-ebfa-077e86b8c93d", "yes_price": 30, "yes_price_dollars": "0.3000"}
{"count": 37, "count_fp": "37.00", "created_time": "2026-02-23T18:06:19.999027Z", "no_price": 70, "no_price_dollars": "0.7000", "price": 0.3, "taker_side": "yes", "ticker": "KXINX-26FEB23H1600-B6862", "trade_id": "b3a881b6-93af-556b-d7f8-137ea896fa4e", "yes_price": 30, "yes_price_dollars": "0.3000"}
{"count": 60, "count_fp": "60.00", "created_time": "2026-02-23T18:06:19.999027Z", "no_price": 58, "no_price_dollars": "0.5800", "price": 0.42, "taker_side": "yes", "ticker": "KXINX-26FEB23H1600-B6862", "trade_id": "abd85816-79dd-5677-fe51-a606e7cfb17b", "yes_price": 42, "yes_price_dollars": "0.4200"}
{"count": 12, "count_fp": "12.00", "created_time": "2026-02-23T18:06:19.999027Z", "no_price": 69, "no_price_dollars": "0.6900", "price": 0.31, "taker_side": "yes", "ticker": "KXINX-26FEB23H1600-B6862", "trade_id": "8884f1a9-7c18-5c59-d304-2a8eaa9d5686", "yes_price": 31, "yes_price_dollars": "0.3100"}
{"count": 12, "count_fp": "12.00", "created_time": "2026-02-23T18:06:19.999027Z", "no_price": 63, "no_price_dollars": "0.6300", "price": 0.37, "taker_side": "yes", "ticker": "KXINX-26FEB23H1600-B6862", "trade_id": "3f066188-1735-5be8-dded-d21b4a57f113", "yes_price": 37, "yes_price_dollars": "0.3700"}
{"count": 10, "count_fp": "10.00", "created_time": "2026-02-23T18:06:19.999027Z", "no_price": 65, "no_price_dollars": "0.6500", "price": 0.35, "taker_side": "yes", "ticker": "KXINX-26FEB23H1600-B6862", "trade_id": "16ef01b3-6735-5777-e3a6-f8fbf5609b52", "yes_price": 35, "yes_price_dollars": "0.3500"}
{"count": 10, "count_fp": "10.00", "created_time": "2026-02-23T17:15:16.905571Z", "no_price": 72, "no_price_dollars": "0.7200", "price": 0.28, "taker_side": "no", "ticker": "KXINX-26FEB23H1600-B6862", "trade_id": "961f2418-c030-5e35-8da4-4035cf0960f4", "yes_price": 28, "yes_price_dollars": "0.2800"}
{"count": 100, "count_fp": "100.00", "created_time": "2026-02-23T17:05:22.598292Z", "no_price": 71, "no_price_dollars": "0.7100", "price": 0.29, "taker_side": "no", "ticker": "KXINX-26FEB23H1600-B6862", "trade_id": "98c35cb0-78e9-40cb-97ba-86a280d0fb72", "yes_price": 29, "yes_price_dollars": "0.2900"}
{"count": 10, "count_fp": "10.00", "created_time": "2026-02-23T17:01:57.721659Z", "no_price": 72, "no_price_dollars": "0.7200", "price": 0.28, "taker_side": "yes", "ticker": "KXINX-26FEB23H1600-B6862", "trade_id": "8de5ea43-758d-6e7f-b108-be1bb994c16f", "yes_price": 28, "yes_price_dollars": "0.2800"}
{"count": 10, "count_fp": "10.00", "created_time": "2026-02-23T15:40:45.163726Z", "no_price": 73, "no_price_dollars": "0.7300", "price": 0.27, "taker_side": "yes", "ticker": "KXINX-26FEB23H1600-B6862", "trade_id": "83671892-d6c4-6f61-255b-cf825aa95de6", "yes_price": 27, "yes_price_dollars": "0.2700"}
{"count": 7, "count_fp": "7.00", "created_time": "2026-02-23T15:40:45.163726Z", "no_price": 72, "no_price_dollars": "0.7200", "price": 0.28, "taker_side": "yes", "ticker": "KXINX-26FEB23H1600-B6862", "trade_id": "274d1b91-250f-65a1-1ce0-8f6797664731", "yes_price": 28, "yes_price_dollars": "0.2800"}
{"count": 10, "count_fp": "10.00", "created_time": "2026-02-23T15:31:40.439842Z", "no_price": 73, "no_price_dollars": "0.7300", "price": 0.27, "taker_side": "yes", "ticker": "KXINX-26FEB23H1600-B6862", "trade_id": "089dafe5-acdf-7a85-56a2-87a2cc267659", "yes_price": 27, "yes_price_dollars": "0.2700"}
{"count": 202, "count_fp": "202.00", "created_time": "2026-02-23T15:12:14.769091Z", "no_price": 76, "no_price_dollars": "0.7600", "price": 0.24, "taker_side": "yes", "ticker": "KXINX-26FEB23H1600-B6862", "trade_id": "65f8a418-e583-674d-1a94-93e92da715dd", "yes_price": 24, "yes_price_dollars": "0.2400"}
{"count": 107, "count_fp": "107.00", "created_time": "2026-02-23T20:59:52.786482Z", "no_price": 2, "no_price_dollars": "0.0200", "price": 0.98, "taker_side": "yes", "ticker": "KXINX-26FEB23H1600-B6837", "trade_id": "1e57431d-f472-5c6b-fbdb-f6fbb2b38789", "yes_price": 98, "yes_price_dollars": "0.9800"}
{"count": 300, "count_fp": "300.00", "created_time": "2026-02-23T20:59:52.786482Z", "no_price": 1, "no_price_dollars": "0.0100", "price": 0.99, "taker_side": "yes", "ticker": "KXINX-26FEB23H1600-B6837", "trade_id": "095c7fc9-24f2-5773-ce9e-bfb5702d2e4b", "yes_price": 99, "yes_price_dollars": "0.9900"}
{"count": 3, "count_fp": "3.00", "created_time": "2026-02-23T20:59:32.455788Z", "no_price": 2, "no_price_dollars": "0.0200", "price": 0.98, "taker_side": "yes", "ticker": "KXINX-26FEB23H1600-B6837", "trade_id": "738634ea-080e-48bb-3005-a335822f4f31", "yes_price": 98, "yes_price_dollars": "0.9800"}
{"count": 70, "count_fp": "70.00", "created_time": "2026-02-23T20:59:03.218679Z", "no_price": 2, "no_price_dollars": "0.0200", "price": 0.98, "taker_side": "yes", "ticker": "KXINX-26FEB23H1600-B6837", "trade_id": "0e4bc04a-950e-7f0f-18bc-74de08b6d61d", "yes_price": 98, "yes_price_dollars": "0.9800"}
{"count": 100, "count_fp": "100.00", "created_time": "2026-02-23T20:58:47.305957Z", "no_price": 3, "no_price_dollars": "0.0300", "price": 0.97, "taker_side": "yes", "ticker": "KXINX-26FEB23H1600-B6837", "trade_id": "26d670aa-6ee1-4af8-5bf9-6bbec82cdc62", "yes_price": 97, "yes_price_dollars": "0.9700"}
{"count": 10, "count_fp": "10.00", "created_time": "2026-02-23T20:58:40.844618Z", "no_price": 3, "no_price_dollars": "0.0300", "price": 0.97, "taker_side": "yes", "ticker": "KXINX-26FEB23H1600-B6837", "trade_id": "8cb6757e-8105-6578-4501-1e5cdb1aafba", "yes_price": 97, "yes_price_dollars": "0.9700"}
{"count": 10, "count_fp": "10.00", "created_time": "2026-02-23T20:58:35.540015Z", "no_price": 3, "no_price_dollars": "0.0300", "price": 0.97, "taker_side": "yes", "ticker": "KXINX-26FEB23H1600-B6837", "trade_id": "fa1ac9a9-a9b4-63cd-79ae-6de3c591676f", "yes_price": 97, "yes_price_dollars": "0.9700"}
{"count": 10, "count_fp": "10.00", "created_time": "2026-02-23T20:58:27.459944Z", "no_price": 2, "no_price_dollars": "0.0200", "price": 0.98, "taker_side": "yes", "ticker": "KXINX-26FEB23H1600-B6837", "trade_id": "3ca152d9-bf62-672b-a32c-083f9c0b9d91", "yes_price": 98, "yes_price_dollars": "0.9800"}
{"count": 10, "count_fp": "10.00", "created_time": "2026-02-23T20:58:20.875078Z", "no_price": 2, "no_price_dollars": "0.0200", "price": 0.98, "taker_side": "yes", "ticker": "KXINX-26FEB23H1600-B6837", "trade_id": "3e59b998-ebfe-5f5f-91db-11ffa6e046fd", "yes_price": 98, "yes_price_dollars": "0.9800"}
{"count": 10, "count_fp": "10.00", "created_time": "2026-02-23T20:58:14.25628Z", "no_price": 8, "no_price_dollars": "0.0800", "price": 0.92, "taker_side": "yes", "ticker": "KXINX-26FEB23H1600-B6837", "trade_id": "2f64da06-ce9b-5d96-5705-6200e8d7bb47", "yes_price": 92, "yes_price_dollars": "0.9200"}
{"count": 40, "count_fp": "40.00", "created_time": "2026-02-23T20:58:07.687657Z", "no_price": 12, "no_price_dollars": "0.1200", "price": 0.88, "taker_side": "yes", "ticker": "KXINX-26FEB23H1600-B6837", "trade_id": "9a544465-b30e-55e7-b01b-23358f931c17", "yes_price": 88, "yes_price_dollars": "0.8800"}
{"count": 17, "count_fp": "17.00", "created_time": "2026-02-23T20:58:07.687657Z", "no_price": 12, "no_price_dollars": "0.1200", "price": 0.88, "taker_side": "yes", "ticker": "KXINX-26FEB23H1600-B6837", "trade_id": "90e8e737-db8d-5fd5-8661-70c902920989", "yes_price": 88, "yes_price_dollars": "0.8800"}
{"count": 2, "count_fp": "2.00", "created_time": "2026-02-23T20:57:50.522128Z", "no_price": 19, "no_price_dollars": "0.1900", "price": 0.81, "taker_side": "no", "ticker": "KXINX-26FEB23H1600-B6837", "trade_id": "5de68336-bc62-6254-1140-b127e961d11b", "yes_price": 81, "yes_price_dollars": "0.8100"}
{"count": 8, "count_fp": "8.00", "created_time": "2026-02-23T20:57:21.255175Z", "no_price": 18, "no_price_dollars": "0.1800", "price": 0.82, "taker_side": "yes", "ticker": "KXINX-26FEB23H1600-B6837", "trade_id": "e2977518-0b20-47c7-0981-430584334c90", "yes_price": 82, "yes_price_dollars": "0.8200"}
{"count": 10, "count_fp": "10.00", "created_time": "2026-02-23T20:57:21.255175Z", "no_price": 19, "no_price_dollars": "0.1900", "price": 0.81, "taker_side": "yes", "ticker": "KXINX-26FEB23H1600-B6837", "trade_id": "2856231c-5828-429c-24c0-3a3f9023278b", "yes_price": 81, "yes_price_dollars": "0.8100"}
{"count": 18, "count_fp": "18.00", "created_time": "2026-02-23T20:57:14.59033Z", "no_price": 19, "no_price_dollars": "0.1900", "price": 0.81, "taker_side": "yes", "ticker": "KXINX-26FEB23H1600-B6837", "trade_id": "01f4975c-8ff8-4eef-633e-8d76fb6f8f28", "yes_price": 81, "yes_price_dollars": "0.8100"}
{"count": 3, "count_fp": "3.00", "created_time": "2026-02-23T20:56:46.986375Z", "no_price": 21, "no_price_dollars": "0.2100", "price": 0.79, "taker_side": "no", "ticker": "KXINX-26FEB23H1600-B6837", "trade_id": "d09789b7-288c-5478-39be-1d91fede2e9b", "yes_price": 79, "yes_price_dollars": "0.7900"}
{"count": 3, "count_fp": "3.00", "created_time": "2026-02-23T20:56:43.98912Z", "no_price": 15, "no_price_dollars": "0.1500", "price": 0.85, "taker_side": "yes", "ticker": "KXINX-26FEB23H1600-B6837", "trade_id": "74c3eb4a-7dec-737b-d91d-761d5b1d6bf2", "yes_price": 85, "yes_price_dollars": "0.8500"}
{"count": 10, "count_fp": "10.00", "created_time": "2026-02-23T20:56:43.98912Z", "no_price": 12, "no_price_dollars": "0.1200", "price": 0.88, "taker_side": "yes", "ticker": "KXINX-26FEB23H1600-B6837", "trade_id": "5f0e834c-c55a-7ed7-cbaf-ad87f6dabf0f", "yes_price": 88, "yes_price_dollars": "0.8800"}
{"count": 800, "count_fp": "800.00", "created_time": "2026-02-23T20:56:10.311825Z", "no_price": 21, "no_price_dollars": "0.2100", "price": 0.79, "taker_side": "yes", "ticker": "KXINX-26FEB23H1600-B6837", "trade_id": "df59d619-236e-4802-6294-2cfafb8274eb", "yes_price": 79, "yes_price_dollars": "0.7900"}
{"count": 5, "count_fp": "5.00", "created_time": "2026-02-23T20:56:02.778504Z", "no_price": 23, "no_price_dollars": "0.2300", "price": 0.77, "taker_side": "yes", "ticker": "KXINX-26FEB23H1600-B6837", "trade_id": "c3854d4a-cd3a-790e-d796-3d399c31c5e8", "yes_price": 77, "yes_price_dollars": "0.7700"}
{"count": 10, "count_fp": "10.00", "created_time": "2026-02-23T20:56:00.233042Z", "no_price": 23, "no_price_dollars": "0.2300", "price": 0.77, "taker_side": "no", "ticker": "KXINX-26FEB23H1600-B6837", "trade_id": "6fa92df5-0612-43fe-e2b4-b93c234c1a88", "yes_price": 77, "yes_price_dollars": "0.7700"}
{"count": 10, "count_fp": "10.00", "created_time": "2026-02-23T20:55:34.546468Z", "no_price": 28, "no_price_dollars": "0.2800", "price": 0.72, "taker_side": "yes", "ticker": "KXINX-26FEB23H1600-B6837", "trade_id": "b62d297c-e086-514d-0455-dda7c5a29856", "yes_price": 72, "yes_price_dollars": "0.7200"}
{"count": 1000, "count_fp": "1000.00", "created_time": "2026-02-23T20:55:09.469416Z", "no_price": 43, "no_price_dollars": "0.4300", "price": 0.57, "taker_side": "yes", "ticker": "KXINX-26FEB23H1600-B6837", "trade_id": "436b76f9-3ca1-7f3f-90a8-c48d801a0bd2", "yes_price": 57, "yes_price_dollars": "0.5700"}
{"count": 2, "count_fp": "2.00", "created_time": "2026-02-23T20:54:07.531101Z", "no_price": 34, "no_price_dollars": "0.3400", "price": 0.66, "taker_side": "no", "ticker": "KXINX-26FEB23H1600-B6837", "trade_id": "22c1de22-236b-5cf7-683c-c9b2fe2c75e3", "yes_price": 66, "yes_price_dollars": "0.6600"}
{"count": 2, "count_fp": "2.00", "created_time": "2026-02-23T20:52:59.25286Z", "no_price": 23, "no_price_dollars": "0.2300", "price": 0.77, "taker_side": "yes", "ticker": "KXINX-26FEB23H1600-B6837", "trade_id": "35901071-317b-4ffd-1c49-f3e444e41006", "yes_price": 77, "yes_price_dollars": "0.7700"}
{"count": 45, "count_fp": "45.00", "created_time": "2026-02-23T20:52:31.014966Z", "no_price": 23, "no_price_dollars": "0.2300", "price": 0.77, "taker_side": "yes", "ticker": "KXINX-26FEB23H1600-B6837", "trade_id": "9c99a041-8fad-62b9-75c1-b3c236557606", "yes_price": 77, "yes_price_dollars": "0.7700"}
{"count": 1, "count_fp": "1.00", "created_time": "2026-02-23T20:52:25.540903Z", "no_price": 23, "no_price_dollars": "0.2300", "price": 0.77, "taker_side": "no", "ticker": "KXINX-26FEB23H1600-B6837", "trade_id": "cfefbf97-7f55-57d8-1578-5de0247f4e61", "yes_price": 77, "yes_price_dollars": "0.7700"}
{"count": 5, "count_fp": "5.00", "created_time": "2026-02-23T20:51:31.929703Z", "no_price": 19, "no_price_dollars": "0.1900", "price": 0.81, "taker_side": "no", "ticker": "KXINX-26FEB23H1600-B6837", "trade_id": "5cc3418f-d8d6-59a7-032e-5385bfdcc36e", "yes_price": 81, "yes_price_dollars": "0.8100"}
{"count": 10, "count_fp": "10.00", "created_time": "2026-02-23T20:51:31.929703Z", "no_price": 19, "no_price_dollars": "0.1900", "price": 0.81, "taker_side": "no", "ticker": "KXINX-26FEB23H1600-B6837", "trade_id": "28a1ec8d-06a2-528b-1723-11c92c5ca941", "yes_price": 81, "yes_price_dollars": "0.8100"}
{"count": 10, "count_fp": "10.00", "created_time": "2026-02-23T20:51:24.192949Z", "no_price": 20, "no_price_dollars": "0.2000", "price": 0.8, "taker_side": "yes", "ticker": "KXINX-26FEB23H1600-B6837", "trade_id": "8c4280b9-7e8b-4c83-a9c7-8857abc512c0", "yes_price": 80, "yes_price_dollars": "0.8000"}
{"count": 10, "count_fp": "10.00", "created_time": "2026-02-23T20:51:21.286498Z", "no_price": 24, "no_price_dollars": "0.2400", "price": 0.76, "taker_side": "no", "ticker": "KXINX-26FEB23H1600-B6837", "trade_id": "d0374335-8dd1-403f-8700-4a306b2e0512", "yes_price": 76, "yes_price_dollars": "0.7600"}
{"count": 282, "count_fp": "282.00", "created_time": "2026-02-23T20:51:21.286498Z", "no_price": 24, "no_price_dollars": "0.2400", "price": 0.76, "taker_side": "no", "ticker": "KXINX-26FEB23H1600-B6837", "trade_id": "1fb8d4a1-ad4e-482f-88b5-e7ca00ee2a02", "yes_price": 76, "yes_price_dollars": "0.7600"}
{"count": 10, "count_fp": "10.00", "created_time": "2026-02-23T20:50:37.703903Z", "no_price": 21, "no_price_dollars": "0.2100", "price": 0.79, "taker_side": "no", "ticker": "KXINX-26FEB23H1600-B6837", "trade_id": "3245c053-ad82-7380-62f7-4902c8077dab", "yes_price": 79, "yes_price_dollars": "0.7900"}
{"count": 2, "count_fp": "2.00", "created_time": "2026-02-23T20:50:17.794023Z", "no_price": 23, "no_price_dollars": "0.2300", "price": 0.77, "taker_side": "no", "ticker": "KXINX-26FEB23H1600-B6837", "trade_id": "8184f827-df0a-7898-4e6c-306c3f149af6", "yes_price": 77, "yes_price_dollars": "0.7700"}
{"count": 2, "count_fp": "2.00", "created_time": "2026-02-23T20:50:09.155796Z", "no_price": 19, "no_price_dollars": "0.1900", "price": 0.81, "taker_side": "no", "ticker": "KXINX-26FEB23H1600-B6837", "trade_id": "11a537bb-44f2-6b42-a3b1-c9c8b263d033", "yes_price": 81, "yes_price_dollars": "0.8100"}
{"count": 10, "count_fp": "10.00", "created_time": "2026-02-23T20:50:06.989528Z", "no_price": 16, "no_price_dollars": "0.1600", "price": 0.84, "taker_side": "no", "ticker": "KXINX-26FEB23H1600-B6837", "trade_id": "c8233008-9065-6840-a36b-01f9cbdd3666", "yes_price": 84, "yes_price_dollars": "0.8400"}
{"count": 3, "count_fp": "3.00", "created_time": "2026-02-23T20:50:06.761993Z", "no_price": 15, "no_price_dollars": "0.1500", "price": 0.85, "taker_side": "no", "ticker": "KXINX-26FEB23H1600-B6837", "trade_id": "954c1295-9f47-68ea-b0ce-fbaa7d4d0f07", "yes_price": 85, "yes_price_dollars": "0.8500"}
{"count": 5, "count_fp": "5.00", "created_time": "2026-02-23T20:49:35.108329Z", "no_price": 14, "no_price_dollars": "0.1400", "price": 0.86, "taker_side": "yes", "ticker": "KXINX-26FEB23H1600-B6837", "trade_id": "4a863137-20be-629a-b514-ef2d913d79be", "yes_price": 86, "yes_price_dollars": "0.8600"}
{"count": 5, "count_fp": "5.00", "created_time": "2026-02-23T20:49:30.092799Z", "no_price": 15, "no_price_dollars": "0.1500", "price": 0.85, "taker_side": "yes", "ticker": "KXINX-26FEB23H1600-B6837", "trade_id": "fc2a16a7-bae9-7ede-798e-0656844ce7ad", "yes_price": 85, "yes_price_dollars": "0.8500"}
{"count": 5, "count_fp": "5.00", "created_time": "2026-02-23T20:49:24.407226Z", "no_price": 15, "no_price_dollars": "0.1500", "price": 0.85, "taker_side": "yes", "ticker": "KXINX-26FEB23H1600-B6837", "trade_id": "8cbe53ba-c77d-41fe-3ac4-d4c6a8661097", "yes_price": 85, "yes_price_dollars": "0.8500"}
{"count": 5, "count_fp": "5.00", "created_time": "2026-02-23T20:49:16.751683Z", "no_price": 15, "no_price_dollars": "0.1500", "price": 0.85, "taker_side": "yes", "ticker": "KXINX-26FEB23H1600-B6837", "trade_id": "ca6b6138-b56d-68fa-68e8-fc5a5122471b", "yes_price": 85, "yes_price_dollars": "0.8500"}
{"count": 10, "count_fp": "10.00", "created_time": "2026-02-23T20:49:00.807112Z", "no_price": 19, "no_price_dollars": "0.1900", "price": 0.81, "taker_side": "yes", "ticker": "KXINX-26FEB23H1600-B6837", "trade_id": "9b1c0b17-0878-672b-7582-966c017a41f1", "yes_price": 81, "yes_price_dollars": "0.8100"}
{"count": 12, "count_fp": "12.00", "created_time": "2026-02-23T20:49:00.807112Z", "no_price": 19, "no_price_dollars": "0.1900", "price": 0.81, "taker_side": "yes", "ticker": "KXINX-26FEB23H1600-B6837", "trade_id": "1564cbb4-01a1-6cfd-71ce-a55ba169cbf3", "yes_price": 81, "yes_price_dollars": "0.8100"}
{"count": 10, "count_fp": "10.00", "created_time": "2026-02-23T20:48:28.445445Z", "no_price": 23, "no_price_dollars": "0.2300", "price": 0.77, "taker_side": "no", "ticker": "KXINX-26FEB23H1600-B6837", "trade_id": "9cbb1baa-4668-63c4-62e0-a9ddae7671b9", "yes_price": 77, "yes_price_dollars": "0.7700"}
{"count": 10, "count_fp": "10.00", "created_time": "2026-02-23T20:48:28.417451Z", "no_price": 23, "no_price_dollars": "0.2300", "price": 0.77, "taker_side": "yes", "ticker": "KXINX-26FEB23H1600-B6837", "trade_id": "57c503aa-08fc-6857-5d04-476aca3bbde1", "yes_price": 77, "yes_price_dollars": "0.7700"}
{"count": 3, "count_fp": "3.00", "created_time": "2026-02-23T20:48:18.116365Z", "no_price": 25, "no_price_dollars": "0.2500", "price": 0.75, "taker_side": "yes", "ticker": "KXINX-26FEB23H1600-B6837", "trade_id": "4122514c-bd18-6cf1-66f2-75a6e028675f", "yes_price": 75, "yes_price_dollars": "0.7500"}
{"count": 5, "count_fp": "5.00", "created_time": "2026-02-23T20:47:06.925234Z", "no_price": 29, "no_price_dollars": "0.2900", "price": 0.71, "taker_side": "yes", "ticker": "KXINX-26FEB23H1600-B6837", "trade_id": "ebac892e-ae86-64aa-08e3-deb32776720e", "yes_price": 71, "yes_price_dollars": "0.7100"}
{"count": 10, "count_fp": "10.00", "created_time": "2026-02-23T20:46:57.51631Z", "no_price": 30, "no_price_dollars": "0.3000", "price": 0.7, "taker_side": "yes", "ticker": "KXINX-26FEB23H1600-B6837", "trade_id": "bb5741ac-5f8d-5c49-b90a-2b168e7d8403", "yes_price": 70, "yes_price_dollars": "0.7000"}
{"count": 11, "count_fp": "11.00", "created_time": "2026-02-23T20:46:57.51631Z", "no_price": 29, "no_price_dollars": "0.2900", "price": 0.71, "taker_side": "yes", "ticker": "KXINX-26FEB23H1600-B6837", "trade_id": "b0d425f9-c252-53b3-9bd5-2acb70348f6c", "yes_price": 71, "yes_price_dollars": "0.7100"}
{"count": 10, "count_fp": "10.00", "created_time": "2026-02-23T20:45:25.580173Z", "no_price": 30, "no_price_dollars": "0.3000", "price": 0.7, "taker_side": "no", "ticker": "KXINX-26FEB23H1600-B6837", "trade_id": "700e11a9-ec68-5d09-b648-ec8a538f61a0", "yes_price": 70, "yes_price_dollars": "0.7000"}
{"count": 3, "count_fp": "3.00", "created_time": "2026-02-23T20:44:16.163536Z", "no_price": 27, "no_price_dollars": "0.2700", "price": 0.73, "taker_side": "yes", "ticker": "KXINX-26FEB23H1600-B6837", "trade_id": "cf56dfb9-7a06-6a3e-c429-be92d35281ea", "yes_price": 73, "yes_price_dollars": "0.7300"}
{"count": 10, "count_fp": "10.00", "created_time": "2026-02-23T20:44:00.100113Z", "no_price": 32, "no_price_dollars": "0.3200", "price": 0.68, "taker_side": "yes", "ticker": "KXINX-26FEB23H1600-B6837", "trade_id": "fac53381-0d49-6629-6557-3004710f2d02", "yes_price": 68, "yes_price_dollars": "0.6800"}
{"count": 30, "count_fp": "30.00", "created_time": "2026-02-23T20:42:52.441051Z", "no_price": 38, "no_price_dollars": "0.3800", "price": 0.62, "taker_side": "no", "ticker": "KXINX-26FEB23H1600-B6837", "trade_id": "327a0f3d-a948-5f14-5894-f6b09bef4216", "yes_price": 62, "yes_price_dollars": "0.6200"}
{"count": 28, "count_fp": "28.00", "created_time": "2026-02-23T20:42:44.40134Z", "no_price": 36, "no_price_dollars": "0.3600", "price": 0.64, "taker_side": "no", "ticker": "KXINX-26FEB23H1600-B6837", "trade_id": "544cd140-794c-5230-55ca-767eb67e57c2", "yes_price": 64, "yes_price_dollars": "0.6400"}
{"count": 10, "count_fp": "10.00", "created_time": "2026-02-23T20:42:36.777678Z", "no_price": 35, "no_price_dollars": "0.3500", "price": 0.65, "taker_side": "no", "ticker": "KXINX-26FEB23H1600-B6837", "trade_id": "48d279c2-9ae8-5b2f-7a83-3f57232a2df6", "yes_price": 65, "yes_price_dollars": "0.6500"}
{"count": 10, "count_fp": "10.00", "created_time": "2026-02-23T20:42:13.740565Z", "no_price": 31, "no_price_dollars": "0.3100", "price": 0.69, "taker_side": "no", "ticker": "KXINX-26FEB23H1600-B6837", "trade_id": "990d35d4-8109-51c5-636d-e71fd9269246", "yes_price": 69, "yes_price_dollars": "0.6900"}
{"count": 10, "count_fp": "10.00", "created_time": "2026-02-23T20:40:59.000319Z", "no_price": 30, "no_price_dollars": "0.3000", "price": 0.7, "taker_side": "no", "ticker": "KXINX-26FEB23H1600-B6837", "trade_id": "52e5fc85-cf16-5a89-7113-a045b50aaf19", "yes_price": 70, "yes_price_dollars": "0.7000"}
{"count": 5, "count_fp": "5.00", "created_time": "2026-02-23T20:39:47.598722Z", "no_price": 27, "no_price_dollars": "0.2700", "price": 0.73, "taker_side": "yes", "ticker": "KXINX-26FEB23H1600-B6837", "trade_id": "5ef7249f-11f0-586a-e458-76c49487f5bf", "yes_price": 73, "yes_price_dollars": "0.7300"}
{"count": 30, "count_fp": "30.00", "created_time": "2026-02-23T20:39:35.815466Z", "no_price": 26, "no_price_dollars": "0.2600", "price": 0.74, "taker_side": "yes", "ticker": "KXINX-26FEB23H1600-B6837", "trade_id": "e565937a-9324-650a-49e3-6f3d1556e037", "yes_price": 74, "yes_price_dollars": "0.7400"}
{"count": 10, "count_fp": "10.00", "created_time": "2026-02-23T20:39:35.815466Z", "no_price": 26, "no_price_dollars": "0.2600", "price": 0.74, "taker_side": "yes", "ticker": "KXINX-26FEB23H1600-B6837", "trade_id": "67dae651-651d-6a47-6390-010c364cacac", "yes_price": 74, "yes_price_dollars": "0.7400"}
{"count": 10, "count_fp": "10.00", "created_time": "2026-02-23T20:35:57.039138Z", "no_price": 30, "no_price_dollars": "0.3000", "price": 0.7, "taker_side": "no", "ticker": "KXINX-26FEB23H1600-B6837", "trade_id": "e4b75b55-4e07-51a5-5115-d27e6082d033", "yes_price": 70, "yes_price_dollars": "0.7000"}
{"count": 10, "count_fp": "10.00", "created_time": "2026-02-23T20:33:58.100276Z", "no_price": 30, "no_price_dollars": "0.3000", "price": 0.7, "taker_side": "no", "ticker": "KXINX-26FEB23H1600-B6837", "trade_id": "6e1ff52c-7e20-505b-8a91-7c25ec3e2e37", "yes_price": 70, "yes_price_dollars": "0.7000"}
{"count": 10, "count_fp": "10.00", "created_time": "2026-02-23T20:30:35.089736Z", "no_price": 33, "no_price_dollars": "0.3300", "price": 0.67, "taker_side": "yes", "ticker": "KXINX-26FEB23H1600-B6837", "trade_id": "508fa02e-2d2d-61e4-47e3-dc1eb991234b", "yes_price": 67, "yes_price_dollars": "0.6700"}
{"count": 10, "count_fp": "10.00", "created_time": "2026-02-23T20:29:12.570932Z", "no_price": 38, "no_price_dollars": "0.3800", "price": 0.62, "taker_side": "yes", "ticker": "KXINX-26FEB23H1600-B6837", "trade_id": "3ea6775d-2dc0-4f87-2496-309274b70ddb", "yes_price": 62, "yes_price_dollars": "0.6200"}
{"count": 10, "count_fp": "10.00", "created_time": "2026-02-23T20:28:40.942277Z", "no_price": 42, "no_price_dollars": "0.4200", "price": 0.58, "taker_side": "yes", "ticker": "KXINX-26FEB23H1600-B6837", "trade_id": "ac91824c-2665-65e5-66f6-f0752466a2bc", "yes_price": 58, "yes_price_dollars": "0.5800"}
{"count": 3, "count_fp": "3.00", "created_time": "2026-02-23T20:27:47.851444Z", "no_price": 43, "no_price_dollars": "0.4300", "price": 0.57, "taker_side": "yes", "ticker": "KXINX-26FEB23H1600-B6837", "trade_id": "86f8390e-2ac8-5c9e-e81b-ffa9957e9e27", "yes_price": 57, "yes_price_dollars": "0.5700"}
{"count": 95, "count_fp": "95.00", "created_time": "2026-02-23T20:27:45.392543Z", "no_price": 44, "no_price_dollars": "0.4400", "price": 0.56, "taker_side": "no", "ticker": "KXINX-26FEB23H1600-B6837", "trade_id": "f010220c-5089-518b-5c8c-839c41a5f1c2", "yes_price": 56, "yes_price_dollars": "0.5600"}
{"count": 40, "count_fp": "40.00", "created_time": "2026-02-23T20:27:28.46486Z", "no_price": 40, "no_price_dollars": "0.4000", "price": 0.6, "taker_side": "yes", "ticker": "KXINX-26FEB23H1600-B6837", "trade_id": "79866c0b-19ec-7f92-8830-ab5ebd770fe3", "yes_price": 60, "yes_price_dollars": "0.6000"}
{"count": 1, "count_fp": "1.00", "created_time": "2026-02-23T20:22:34.547581Z", "no_price": 52, "no_price_dollars": "0.5200", "price": 0.48, "taker_side": "yes", "ticker": "KXINX-26FEB23H1600-B6837", "trade_id": "692ab2ec-77f4-7159-0aa0-43427658b457", "yes_price": 48, "yes_price_dollars": "0.4800"}
{"count": 10, "count_fp": "10.00", "created_time": "2026-02-23T20:21:11.445879Z", "no_price": 53, "no_price_dollars": "0.5300", "price": 0.47, "taker_side": "no", "ticker": "KXINX-26FEB23H1600-B6837", "trade_id": "885ed72d-8214-582d-5375-f0dda5a06c74", "yes_price": 47, "yes_price_dollars": "0.4700"}
{"count": 10, "count_fp": "10.00", "created_time": "2026-02-23T20:20:26.319807Z", "no_price": 51, "no_price_dollars": "0.5100", "price": 0.49, "taker_side": "no", "ticker": "KXINX-26FEB23H1600-B6837", "trade_id": "48fa292f-7f13-504e-569a-48d8f01ec359", "yes_price": 49, "yes_price_dollars": "0.4900"}
{"count": 3, "count_fp": "3.00", "created_time": "2026-02-23T20:19:48.098961Z", "no_price": 48, "no_price_dollars": "0.4800", "price": 0.52, "taker_side": "yes", "ticker": "KXINX-26FEB23H1600-B6837", "trade_id": "c39b5c1a-95f4-6d8e-1a3b-4872cc9590eb", "yes_price": 52, "yes_price_dollars": "0.5200"}
{"count": 9, "count_fp": "9.00", "created_time": "2026-02-23T20:17:37.953973Z", "no_price": 49, "no_price_dollars": "0.4900", "price": 0.51, "taker_side": "yes", "ticker": "KXINX-26FEB23H1600-B6837", "trade_id": "9f127a2b-4254-6072-1199-05fc378b84db", "yes_price": 51, "yes_price_dollars": "0.5100"}
{"count": 9, "count_fp": "9.00", "created_time": "2026-02-23T20:17:02.851888Z", "no_price": 49, "no_price_dollars": "0.4900", "price": 0.51, "taker_side": "yes", "ticker": "KXINX-26FEB23H1600-B6837", "trade_id": "14f6b4c9-9a64-656d-dd2e-7bd05b7b64cb", "yes_price": 51, "yes_price_dollars": "0.5100"}
{"count": 10, "count_fp": "10.00", "created_time": "2026-02-23T20:16:23.447544Z", "no_price": 50, "no_price_dollars": "0.5000", "price": 0.5, "taker_side": "no", "ticker": "KXINX-26FEB23H1600-B6837", "trade_id": "e2e32fb3-8ce4-56e0-71c8-2ca473ab9ebd", "yes_price": 50, "yes_price_dollars": "0.5000"}
{"count": 10, "count_fp": "10.00", "created_time": "2026-02-23T20:15:23.102682Z", "no_price": 53, "no_price_dollars": "0.5300", "price": 0.47, "taker_side": "yes", "ticker": "KXINX-26FEB23H1600-B6837", "trade_id": "17d58d51-4f0d-6e78-6f8c-d8609bacaefb", "yes_price": 47, "yes_price_dollars": "0.4700"}
{"count": 10, "count_fp": "10.00", "created_time": "2026-02-23T20:13:27.312259Z", "no_price": 55, "no_price_dollars": "0.5500", "price": 0.45, "taker_side": "no", "ticker": "KXINX-26FEB23H1600-B6837", "trade_id": "8524d154-6b89-54d1-7705-2889fd3b95d5", "yes_price": 45, "yes_price_dollars": "0.4500"}
{"count": 5, "count_fp": "5.00", "created_time": "2026-02-23T20:13:11.2302Z", "no_price": 52, "no_price_dollars": "0.5200", "price": 0.48, "taker_side": "yes", "ticker": "KXINX-26FEB23H1600-B6837", "trade_id": "31ab3187-f0b4-5a0e-444c-fb7c900f36eb", "yes_price": 48, "yes_price_dollars": "0.4800"}
{"count": 10, "count_fp": "10.00", "created_time": "2026-02-23T20:11:38.215918Z", "no_price": 52, "no_price_dollars": "0.5200", "price": 0.48, "taker_side": "yes", "ticker": "KXINX-26FEB23H1600-B6837", "trade_id": "276998e1-3e18-6a01-733b-f0a0c653f9b9", "yes_price": 48, "yes_price_dollars": "0.4800"}
{"count": 10, "count_fp": "10.00", "created_time": "2026-02-23T20:10:09.330053Z", "no_price": 53, "no_price_dollars": "0.5300", "price": 0.47, "taker_side": "no", "ticker": "KXINX-26FEB23H1600-B6837", "trade_id": "f458f483-4169-5036-5bd8-4379ca5bc870", "yes_price": 47, "yes_price_dollars": "0.4700"}
{"count": 10, "count_fp": "10.00", "created_time": "2026-02-23T20:07:46.004773Z", "no_price": 51, "no_price_dollars": "0.5100", "price": 0.49, "taker_side": "no", "ticker": "KXINX-26FEB23H1600-B6837", "trade_id": "ba8cf263-c7b7-54cf-450f-625bb0705fbe", "yes_price": 49, "yes_price_dollars": "0.4900"}
{"count": 5, "count_fp": "5.00", "created_time": "2026-02-23T20:07:42.795358Z", "no_price": 50, "no_price_dollars": "0.5000", "price": 0.5, "taker_side": "no", "ticker": "KXINX-26FEB23H1600-B6837", "trade_id": "d5fc170f-d093-5c5e-6206-6f50f3a423b9", "yes_price": 50, "yes_price_dollars": "0.5000"}
{"count": 71, "count_fp": "71.00", "created_time": "2026-02-23T20:07:18.035516Z", "no_price": 46, "no_price_dollars": "0.4600", "price": 0.54, "taker_side": "yes", "ticker": "KXINX-26FEB23H1600-B6837", "trade_id": "fc61de13-9708-737e-5d1c-e626a91c913b", "yes_price": 54, "yes_price_dollars": "0.5400"}
{"count": 3, "count_fp": "3.00", "created_time": "2026-02-23T20:06:42.538048Z", "no_price": 46, "no_price_dollars": "0.4600", "price": 0.54, "taker_side": "yes", "ticker": "KXINX-26FEB23H1600-B6837", "trade_id": "72e62884-cb2f-561f-7625-a60af71eb61e", "yes_price": 54, "yes_price_dollars": "0.5400"}
{"count": 7, "count_fp": "7.00", "created_time": "2026-02-23T20:05:30.105705Z", "no_price": 44, "no_price_dollars": "0.4400", "price": 0.56, "taker_side": "yes", "ticker": "KXINX-26FEB23H1600-B6837", "trade_id": "f9acb584-7223-6feb-c1ed-2554749beb66", "yes_price": 56, "yes_price_dollars": "0.5600"}
{"count": 10, "count_fp": "10.00", "created_time": "2026-02-23T20:05:08.679939Z", "no_price": 46, "no_price_dollars": "0.4600", "price": 0.54, "taker_side": "yes", "ticker": "KXINX-26FEB23H1600-B6837", "trade_id": "047aecbe-402c-6593-6016-181f965cf406", "yes_price": 54, "yes_price_dollars": "0.5400"}
{"count": 10, "count_fp": "10.00", "created_time": "2026-02-23T20:02:55.971084Z", "no_price": 48, "no_price_dollars": "0.4800", "price": 0.52, "taker_side": "no", "ticker": "KXINX-26FEB23H1600-B6837", "trade_id": "bc4a58f4-3944-59ab-6a1f-f179799ace7e", "yes_price": 52, "yes_price_dollars": "0.5200"}
{"count": 10, "count_fp": "10.00", "created_time": "2026-02-23T20:02:24.147963Z", "no_price": 46, "no_price_dollars": "0.4600", "price": 0.54, "taker_side": "no", "ticker": "KXINX-26FEB23H1600-B6837", "trade_id": "3108a13d-3673-5003-7c09-e2e9d7dfe01d", "yes_price": 54, "yes_price_dollars": "0.5400"}
{"count": 9, "count_fp": "9.00", "created_time": "2026-02-23T20:00:42.505692Z", "no_price": 47, "no_price_dollars": "0.4700", "price": 0.53, "taker_side": "yes", "ticker": "KXINX-26FEB23H1600-B6837", "trade_id": "fafa30f8-ae3c-6583-7252-b594d39efe11", "yes_price": 53, "yes_price_dollars": "0.5300"}
{"count": 10, "count_fp": "10.00", "created_time": "2026-02-23T19:59:22.914029Z", "no_price": 49, "no_price_dollars": "0.4900", "price": 0.51, "taker_side": "no", "ticker": "KXINX-26FEB23H1600-B6837", "trade_id": "b653e736-4769-5d60-6be0-7fdcb0c6e417", "yes_price": 51, "yes_price_dollars": "0.5100"}
{"count": 54, "count_fp": "54.00", "created_time": "2026-02-23T19:58:10.57407Z", "no_price": 45, "no_price_dollars": "0.4500", "price": 0.55, "taker_side": "no", "ticker": "KXINX-26FEB23H1600-B6837", "trade_id": "8d092961-a0a9-50ca-561b-1c3de8225bff", "yes_price": 55, "yes_price_dollars": "0.5500"}
{"count": 1, "count_fp": "1.00", "created_time": "2026-02-23T19:58:10.57407Z", "no_price": 45, "no_price_dollars": "0.4500", "price": 0.55, "taker_side": "no", "ticker": "KXINX-26FEB23H1600-B6837", "trade_id": "5bf2941c-c942-58ba-5c17-5bd27d68e0d0", "yes_price": 55, "yes_price_dollars": "0.5500"}
{"count": 10, "count_fp": "10.00", "created_time": "2026-02-23T19:58:06.887829Z", "no_price": 44, "no_price_dollars": "0.4400", "price": 0.56, "taker_side": "no", "ticker": "KXINX-26FEB23H1600-B6837", "trade_id": "1023fa28-8059-5c24-70d3-d038b50a5daf", "yes_price": 56, "yes_price_dollars": "0.5600"}
{"count": 2, "count_fp": "2.00", "created_time": "2026-02-23T19:50:06.583639Z", "no_price": 51, "no_price_dollars": "0.5100", "price": 0.49, "taker_side": "yes", "ticker": "KXINX-26FEB23H1600-B6837", "trade_id": "90388bc9-e582-7463-20f7-4afbd5789902", "yes_price": 49, "yes_price_dollars": "0.4900"}
{"count": 1, "count_fp": "1.00", "created_time": "2026-02-23T19:49:54.905431Z", "no_price": 43, "no_price_dollars": "0.4300", "price": 0.57, "taker_side": "yes", "ticker": "KXINX-26FEB23H1600-B6837", "trade_id": "73fa3356-4004-4a53-8173-0cb396ea1229", "yes_price": 57, "yes_price_dollars": "0.5700"}
{"count": 2, "count_fp": "2.00", "created_time": "2026-02-23T19:43:18.238438Z", "no_price": 55, "no_price_dollars": "0.5500", "price": 0.45, "taker_side": "no", "ticker": "KXINX-26FEB23H1600-B6837", "trade_id": "4a95775f-8df2-7c20-a1af-d6037dd27437", "yes_price": 45, "yes_price_dollars": "0.4500"}
