{"count": 26, "count_fp": "26.00", "created_time": "2026-03-05T14:53:16.596194Z", "no_price": 99, "no_price_dollars": "0.9900", "price": 0.01, "taker_side": "no", "ticker": "KXINX-26MAR05H1600-B7037", "trade_id": "55cd65f9-b71e-7a9f-9645-4c5d61c999ec", "yes_price": 1, "yes_price_dollars": "0.0100"}
{"count": 4, "count_fp": "4.00", "created_time": "2026-03-05T13:24:40.219398Z", "no_price": 95, "no_price_dollars": "0.9500", "price": 0.05, "taker_side": "no", "ticker": "KXINX-26MAR05H1600-B6937", "trade_id": "d31f7aae-9030-4d62-05f9-d7db108226e1", "yes_price": 5, "yes_price_dollars": "0.0500"}
{"count": 7, "count_fp": "7.00", "created_time": "2026-03-05T07:29:49.137884Z", "no_price": 97, "no_price_dollars": "0.9700", "price": 0.03, "taker_side": "no", "ticker": "KXINX-26MAR05H1600-B6937", "trade_id": "e17b498e-76e7-7208-bd1d-a086b7fdaf29", "yes_price": 3, "yes_price_dollars": "0.0300"}
{"count": 1, "count_fp": "1.00", "created_time": "2026-03-05T07:19:27.635058Z", "no_price": 81, "no_price_dollars": "0.8100", "price": 0.19, "taker_side": "yes", "ticker": "KXINX-26MAR05H1600-B6937", "trade_id": "69e8e271-8a9a-4ffb-28ac-262300240324", "yes_price": 19, "yes_price_dollars": "0.1900"}
{"count": 1, "count_fp": "1.00", "created_time": "2026-03-05T07:18:57.527733Z", "no_price": 81, "no_price_dollars": "0.8100", "price": 0.19, "taker_side": "yes", "ticker": "KXINX-26MAR05H1600-B6937", "trade_id": "82b00cc7-882e-45bf-7450-67329741242c", "yes_price": 19, "yes_price_dollars": "0.1900"}
{"count": 2, "count_fp": "2.00", "created_time": "2026-03-05T07:18:27.32768Z", "no_price": 81, "no_price_dollars": "0.8100", "price": 0.19, "taker_side": "yes", "ticker": "KXINX-26MAR05H1600-B6937", "trade_id": "a61aade8-65fa-5d5b-7f5b-eea92bb3db0c", "yes_price": 19, "yes_price_dollars": "0.1900"}
{"count": 2, "count_fp": "2.00", "created_time": "2026-03-05T07:17:57.215316Z", "no_price": 81, "no_price_dollars": "0.8100", "price": 0.19, "taker_side": "yes", "ticker": "KXINX-26MAR05H1600-B6937", "trade_id": "e46fb4da-e26a-76e3-8ede-8c8d45cb7490", "yes_price": 19, "yes_price_dollars": "0.1900"}
{"count": 2, "count_fp": "2.00", "created_time": "2026-03-05T07:17:27.055638Z", "no_price": 81, "no_price_dollars": "0.8100", "price": 0.19, "taker_side": "yes", "ticker": "KXINX-26MAR05H1600-B6937", "trade_id": "cd7c1401-4e56-79df-12dc-c6e9b7f937a0", "yes_price": 19, "yes_price_dollars": "0.1900"}
{"count": 1, "count_fp": "1.00", "created_time": "2026-03-05T07:07:12.465562Z", "no_price": 97, "no_price_dollars": "0.9700", "price": 0.03, "taker_side": "no", "ticker": "KXINX-26MAR05H1600-B6937", "trade_id": "170f3a9b-1c6b-4fbc-f473-93e085023b19", "yes_price": 3, "yes_price_dollars": "0.0300"}
{"count": 4, "count_fp": "4.00", "created_time": "2026-03-05T14:02:47.450253Z", "no_price": 91, "no_price_dollars": "0.9100", "price": 0.09, "taker_side": "no", "ticker": "KXINX-26MAR05H1600-B6912", "trade_id": "ee5865c0-d65a-77bc-8199-33384bc6086c", "yes_price": 9, "yes_price_dollars": "0.0900"}
{"count": 5, "count_fp": "5.00", "created_time": "2026-03-05T17:04:51.341493Z", "no_price": 92, "no_price_dollars": "0.9200", "price": 0.08, "taker_side": "yes", "ticker": "KXINX-26MAR05H1600-B6887", "trade_id": "8f67b5e0-4cb3-42a5-1013-71af1d98a104", "yes_price": 8, "yes_price_dollars": "0.0800"}
{"count": 29, "count_fp": "29.00", "created_time": "2026-03-05T17:04:51.341493Z", "no_price": 92, "no_price_dollars": "0.9200", "price": 0.08, "taker_side": "yes", "ticker": "KXINX-26MAR05H1600-B6887", "trade_id": "18a7ddf6-31d0-4bc7-0b76-6445fddc8ece", "yes_price": 8, "yes_price_dollars": "0.0800"}
{"count": 31, "count_fp": "31.00", "created_time": "2026-03-05T17:04:42.445731Z", "no_price": 92, "no_price_dollars": "0.9200", "price": 0.08, "taker_side": "yes", "ticker": "KXINX-26MAR05H1600-B6887", "trade_id": "f234c271-4bac-719b-f605-c8cc900f53e6", "yes_price": 8, "yes_price_dollars": "0.0800"}
{"count": 5, "count_fp": "5.00", "created_time": "2026-03-05T17:04:42.445731Z", "no_price": 93, "no_price_dollars": "0.9300", "price": 0.07, "taker_side": "yes", "ticker": "KXINX-26MAR05H1600-B6887", "trade_id": "6ea36722-4ecd-7245-da1f-fc5a8b71deb4", "yes_price": 7, "yes_price_dollars": "0.0700"}
{"count": 1, "count_fp": "1.00", "created_time": "2026-03-05T16:54:24.313694Z", "no_price": 94, "no_price_dollars": "0.9400", "price": 0.06, "taker_side": "yes", "ticker": "KXINX-26MAR05H1600-B6887", "trade_id": "4d5017d3-b020-6700-3eda-785b2268bc72", "yes_price": 6, "yes_price_dollars": "0.0600"}
{"count": 11, "count_fp": "11.00", "created_time": "2026-03-05T15:50:30.67647Z", "no_price": 90, "no_price_dollars": "0.9000", "price": 0.1, "taker_side": "yes", "ticker": "KXINX-26MAR05H1600-B6887", "trade_id": "89cf9749-a89d-6f79-fb4f-99f631d50211", "yes_price": 10, "yes_price_dollars": "0.1000"}
{"count": 4, "count_fp": "4.00", "created_time": "2026-03-05T15:37:48.911731Z", "no_price": 94, "no_price_dollars": "0.9400", "price": 0.06, "taker_side": "no", "ticker": "KXINX-26MAR05H1600-B6887", "trade_id": "585d61c3-0c0e-759a-70bd-7f83c4c108cd", "yes_price": 6, "yes_price_dollars": "0.0600"}
{"count": 59, "count_fp": "59.00", "created_time": "2026-03-05T15:30:49.795019Z", "no_price": 91, "no_price_dollars": "0.9100", "price": 0.09, "taker_side": "no", "ticker": "KXINX-26MAR05H1600-B6887", "trade_id": "f10cb9a8-f026-6a36-6912-ce452f936ca4", "yes_price": 9, "yes_price_dollars": "0.0900"}
{"count": 22, "count_fp": "22.00", "created_time": "2026-03-05T15:30:49.795019Z", "no_price": 90, "no_price_dollars": "0.9000", "price": 0.1, "taker_side": "no", "ticker": "KXINX-26MAR05H1600-B6887", "trade_id": "76fc5707-45ae-6d2f-66c8-1b7d5c375108", "yes_price": 10, "yes_price_dollars": "0.1000"}
{"count": 1, "count_fp": "1.00", "created_time": "2026-03-05T15:28:41.695959Z", "no_price": 92, "no_price_dollars": "0.9200", "price": 0.08, "taker_side": "no", "ticker": "KXINX-26MAR05H1600-B6887", "trade_id": "07fdacbf-3af6-56c6-2256-bda7cfb6314c", "yes_price": 8, "yes_price_dollars": "0.0800"}
{"count": 1, "count_fp": "1.00", "created_time": "2026-03-05T15:22:25.525294Z", "no_price": 85, "no_price_dollars": "0.8500", "price": 0.15, "taker_side": "no", "ticker": "KXINX-26MAR05H1600-B6887", "trade_id": "8fef480e-912f-75ea-b95d-10580809a07d", "yes_price": 15, "yes_price_dollars": "0.1500"}
{"count": 5, "count_fp": "5.00", "created_time": "2026-03-05T15:22:25.525294Z", "no_price": 85, "no_price_dollars": "0.8500", "price": 0.15, "taker_side": "no", "ticker": "KXINX-26MAR05H1600-B6887", "trade_id": "09dcf5f6-4823-74a2-8e3d-72e62d168426", "yes_price": 15, "yes_price_dollars": "0.1500"}
{"count": 5, "count_fp": "5.00", "created_time": "2026-03-05T15:18:24.713698Z", "no_price": 80, "no_price_dollars": "0.8000", "price": 0.2, "taker_side": "no", "ticker": "KXINX-26MAR05H1600-B6887", "trade_id": "0c0bf66b-cd27-705d-a780-4e76492894c2", "yes_price": 20, "yes_price_dollars": "0.2000"}
{"count": 5, "count_fp": "5.00", "created_time": "2026-03-05T15:16:22.20601Z", "no_price": 78, "no_price_dollars": "0.7800", "price": 0.22, "taker_side": "no", "ticker": "KXINX-26MAR05H1600-B6887", "trade_id": "f621308d-fa0e-7de5-9d3b-5ceeced49132", "yes_price": 22, "yes_price_dollars": "0.2200"}
{"count": 5, "count_fp": "5.00", "created_time": "2026-03-05T15:14:46.510065Z", "no_price": 79, "no_price_dollars": "0.7900", "price": 0.21, "taker_side": "yes", "ticker": "KXINX-26MAR05H1600-B6887", "trade_id": "19cb075e-5ba3-4a92-0426-fd444610e729", "yes_price": 21, "yes_price_dollars": "0.2100"}
{"count": 5, "count_fp": "5.00", "created_time": "2026-03-05T15:12:01.126998Z", "no_price": 80, "no_price_dollars": "0.8000", "price": 0.2, "taker_side": "no", "ticker": "KXINX-26MAR05H1600-B6887", "trade_id": "ef4a19da-d66c-7f87-93e3-537f487e467c", "yes_price": 20, "yes_price_dollars": "0.2000"}
{"count": 5, "count_fp": "5.00", "created_time": "2026-03-05T15:10:19.895974Z", "no_price": 81, "no_price_dollars": "0.8100", "price": 0.19, "taker_side": "yes", "ticker": "KXINX-26MAR05H1600-B6887", "trade_id": "ab20f98d-2306-477e-360c-6e75f0f07268", "yes_price": 19, "yes_price_dollars": "0.1900"}
{"count": 60, "count_fp": "60.00", "created_time": "2026-03-05T15:10:19.895974Z", "no_price": 81, "no_price_dollars": "0.8100", "price": 0.19, "taker_side": "yes", "ticker": "KXINX-26MAR05H1600-B6887", "trade_id": "642c4462-b2a8-475f-1fe6-2fa25a21651c", "yes_price": 19, "yes_price_dollars": "0.1900"}
{"count": 5, "count_fp": "5.00", "created_time": "2026-03-05T15:08:37.811301Z", "no_price": 80, "no_price_dollars": "0.8000", "price": 0.2, "taker_side": "no", "ticker": "KXINX-26MAR05H1600-B6887", "trade_id": "0aedcf83-c713-7960-9f12-a5cba287986b", "yes_price": 20, "yes_price_dollars": "0.2000"}
{"count": 5, "count_fp": "5.00", "created_time": "2026-03-05T15:08:05.942215Z", "no_price": 79, "no_price_dollars": "0.7900", "price": 0.21, "taker_side": "no", "ticker": "KXINX-26MAR05H1600-B6887", "trade_id": "4ea089f5-19d1-7447-bf68-29fe14f1e137", "yes_price": 21, "yes_price_dollars": "0.2100"}
{"count": 5, "count_fp": "5.00", "created_time": "2026-03-05T15:06:56.063374Z", "no_price": 77, "no_price_dollars": "0.7700", "price": 0.23, "taker_side": "no", "ticker": "KXINX-26MAR05H1600-B6887", "trade_id": "8891b39f-36f1-704d-b65b-bd5186158c6d", "yes_price": 23, "yes_price_dollars": "0.2300"}
{"count": 5, "count_fp": "5.00", "created_time": "2026-03-05T15:05:14.639896Z", "no_price": 76, "no_price_dollars": "0.7600", "price": 0.24, "taker_side": "no", "ticker": "KXINX-26MAR05H1600-B6887", "trade_id": "fcd12a7b-a4e4-704c-9eda-22251cb8272f", "yes_price": 24, "yes_price_dollars": "0.2400"}
{"count": 3, "count_fp": "3.00", "created_time": "2026-03-05T15:03:53.046478Z", "no_price": 75, "no_price_dollars": "0.7500", "price": 0.25, "taker_side": "no", "ticker": "KXINX-26MAR05H1600-B6887", "trade_id": "a846f5e3-514e-7ca0-8c19-4e127319436e", "yes_price": 25, "yes_price_dollars": "0.2500"}
{"count": 2, "count_fp": "2.00", "created_time": "2026-03-05T15:02:28.760743Z", "no_price": 75, "no_price_dollars": "0.7500", "price": 0.25, "taker_side": "no", "ticker": "KXINX-26MAR05H1600-B6887", "trade_id": "8b64ed50-2ac6-697c-415b-d2b0db2357ee", "yes_price": 25, "yes_price_dollars": "0.2500"}
{"count": 5, "count_fp": "5.00", "created_time": "2026-03-05T15:01:12.804742Z", "no_price": 77, "no_price_dollars": "0.7700", "price": 0.23, "taker_side": "no", "ticker": "KXINX-26MAR05H1600-B6887", "trade_id": "1e5c3b23-3e03-64f2-c9fd-b11d83306da6", "yes_price": 23, "yes_price_dollars": "0.2300"}
{"count": 2, "count_fp": "2.00", "created_time": "2026-03-05T15:00:32.185651Z", "no_price": 77, "no_price_dollars": "0.7700", "price": 0.23, "taker_side": "no", "ticker": "KXINX-26MAR05H1600-B6887", "trade_id": "96bc8d5e-17f4-7e66-f41f-91adac9c6034", "yes_price": 23, "yes_price_dollars": "0.2300"}
{"count": 50, "count_fp": "50.00", "created_time": "2026-03-05T14:58:35.219845Z", "no_price": 78, "no_price_dollars": "0.7800", "price": 0.22, "taker_side": "no", "ticker": "KXINX-26MAR05H1600-B6887", "trade_id": "1b82bb19-d113-504a-d646-789223170412", "yes_price": 22, "yes_price_dollars": "0.2200"}
{"count": 11, "count_fp": "11.00", "created_time": "2026-03-05T14:57:49.211463Z", "no_price": 80, "no_price_dollars": "0.8000", "price": 0.2, "taker_side": "yes", "ticker": "KXINX-26MAR05H1600-B6887", "trade_id": "d5751dfc-a01f-41a6-182f-95c34c89d1a7", "yes_price": 20, "yes_price_dollars": "0.2000"}
{"count": 5, "count_fp": "5.00", "created_time": "2026-03-05T14:51:58.641956Z", "no_price": 82, "no_price_dollars": "0.8200", "price": 0.18, "taker_side": "yes", "ticker": "KXINX-26MAR05H1600-B6887", "trade_id": "25384193-09f0-4c14-3968-cf15b7cf4cc3", "yes_price": 18, "yes_price_dollars": "0.1800"}
{"count": 5, "count_fp": "5.00", "created_time": "2026-03-05T14:50:09.52716Z", "no_price": 81, "no_price_dollars": "0.8100", "price": 0.19, "taker_side": "no", "ticker": "KXINX-26MAR05H1600-B6887", "trade_id": "130fb4fd-44ff-7cf3-b39f-da877b060790", "yes_price": 19, "yes_price_dollars": "0.1900"}
{"count": 5, "count_fp": "5.00", "created_time": "2026-03-05T14:37:14.815848Z", "no_price": 80, "no_price_dollars": "0.8000", "price": 0.2, "taker_side": "no", "ticker": "KXINX-26MAR05H1600-B6887", "trade_id": "2bc76407-dd07-6122-dc6e-f4c55afbd72d", "yes_price": 20, "yes_price_dollars": "0.2000"}
{"count": 50, "count_fp": "50.00", "created_time": "2026-03-05T14:17:47.356936Z", "no_price": 83, "no_price_dollars": "0.8300", "price": 0.17, "taker_side": "yes", "ticker": "KXINX-26MAR05H1600-B6887", "trade_id": "b83b4e81-049e-4ecd-8868-2643269891b1", "yes_price": 17, "yes_price_dollars": "0.1700"}
{"count": 10, "count_fp": "10.00", "created_time": "2026-03-05T13:53:43.539708Z", "no_price": 81, "no_price_dollars": "0.8100", "price": 0.19, "taker_side": "yes", "ticker": "KXINX-26MAR05H1600-B6887", "trade_id": "6d696b11-c21e-71d9-fdce-55faab29cc79", "yes_price": 19, "yes_price_dollars": "0.1900"}
{"count": 1, "count_fp": "1.00", "created_time": "2026-03-05T07:28:33.131019Z", "no_price": 86, "no_price_dollars": "0.8600", "price": 0.14, "taker_side": "no", "ticker": "KXINX-26MAR05H1600-B6887", "trade_id": "1df169b9-bf8a-47b4-ce50-cc8e44f905a7", "yes_price": 14, "yes_price_dollars": "0.1400"}
{"count": 1, "count_fp": "1.00", "created_time": "2026-03-05T07:11:23.48321Z", "no_price": 86, "no_price_dollars": "0.8600", "price": 0.14, "taker_side": "no", "ticker": "KXINX-26MAR05H1600-B6887", "trade_id": "a38277d2-657e-726c-9595-571fa99d22e3", "yes_price": 14, "yes_price_dollars": "0.1400"}
{"count": 1, "count_fp": "1.00", "created_time": "2026-03-05T07:10:24.397431Z", "no_price": 70, "no_price_dollars": "0.7000", "price": 0.3, "taker_side": "yes", "ticker": "KXINX-26MAR05H1600-B6887", "trade_id": "a8ec8e02-8406-4771-fcc5-0636889d2171", "yes_price": 30, "yes_price_dollars": "0.3000"}
{"count": 1, "count_fp": "1.00", "created_time": "2026-03-05T07:08:10.991342Z", "no_price": 86, "no_price_dollars": "0.8600", "price": 0.14, "taker_side": "no", "ticker": "KXINX-26MAR05H1600-B6887", "trade_id": "6241eb0e-8a02-5fc0-8f29-478e64f97e23", "yes_price": 14, "yes_price_dollars": "0.1400"}
{"count": 1, "count_fp": "1.00", "created_time": "2026-03-05T07:07:11.818214Z", "no_price": 70, "no_price_dollars": "0.7000", "price": 0.3, "taker_side": "yes", "ticker": "KXINX-26MAR05H1600-B6887", "trade_id": "8a2e6707-59e6-7581-363f-ad40679f1745", "yes_price": 30, "yes_price_dollars": "0.3000"}
{"count": 2, "count_fp": "2.00", "created_time": "2026-03-05T07:00:36.568364Z", "no_price": 86, "no_price_dollars": "0.8600", "price": 0.14, "taker_side": "no", "ticker": "KXINX-26MAR05H1600-B6887", "trade_id": "9023a0b4-6dee-479c-4169-84a477c7ab8b", "yes_price": 14, "yes_price_dollars": "0.1400"}
{"count": 1, "count_fp": "1.00", "created_time": "2026-03-05T06:56:01.561712Z", "no_price": 70, "no_price_dollars": "0.7000", "price": 0.3, "taker_side": "yes", "ticker": "KXINX-26MAR05H1600-B6887", "trade_id": "be6acb50-305e-7319-2020-e40301438195", "yes_price": 30, "yes_price_dollars": "0.3000"}
{"count": 1, "count_fp": "1.00", "created_time": "2026-03-05T06:50:10.342276Z", "no_price": 70, "no_price_dollars": "0.7000", "price": 0.3, "taker_side": "yes", "ticker": "KXINX-26MAR05H1600-B6887", "trade_id": "2cb761e1-a04a-4195-27dc-155a830237bd", "yes_price": 30, "yes_price_dollars": "0.3000"}
{"count": 1, "count_fp": "1.00", "created_time": "2026-03-05T04:58:27.816048Z", "no_price": 85, "no_price_dollars": "0.8500", "price": 0.15, "taker_side": "no", "ticker": "KXINX-26MAR05H1600-B6887", "trade_id": "a4286bc0-5150-583d-9fdf-5c978576b419", "yes_price": 15, "yes_price_dollars": "0.1500"}
{"count": 1, "count_fp": "1.00", "created_time": "2026-03-05T04:48:12.391519Z", "no_price": 85, "no_price_dollars": "0.8500", "price": 0.15, "taker_side": "no", "ticker": "KXINX-26MAR05H1600-B6887", "trade_id": "0c2b99a6-6674-448d-473b-a75dca2aad5d", "yes_price": 15, "yes_price_dollars": "0.1500"}
{"count": 1, "count_fp": "1.00", "created_time": "2026-03-05T04:45:21.050622Z", "no_price": 82, "no_price_dollars": "0.8200", "price": 0.18, "taker_side": "no", "ticker": "KXINX-26MAR05H1600-B6887", "trade_id": "b86e885a-0119-4212-170e-746e02ccd68e", "yes_price": 18, "yes_price_dollars": "0.1800"}
{"count": 12, "count_fp": "12.00", "created_time": "2026-03-05T04:43:43.797965Z", "no_price": 70, "no_price_dollars": "0.7000", "price": 0.3, "taker_side": "yes", "ticker": "KXINX-26MAR05H1600-B6887", "trade_id": "abe83fee-86ea-6ae1-f159-2bd4a6f1fef9", "yes_price": 30, "yes_price_dollars": "0.3000"}
{"count": 1, "count_fp": "1.00", "created_time": "2026-03-05T04:34:27.829801Z", "no_price": 82, "no_price_dollars": "0.8200", "price": 0.18, "taker_side": "no", "ticker": "KXINX-26MAR05H1600-B6887", "trade_id": "a52fc2bf-6345-77ae-7db3-e63d6a604662", "yes_price": 18, "yes_price_dollars": "0.1800"}
{"count": 1, "count_fp": "1.00", "created_time": "2026-03-05T04:32:51.190967Z", "no_price": 82, "no_price_dollars": "0.8200", "price": 0.18, "taker_side": "no", "ticker": "KXINX-26MAR05H1600-B6887", "trade_id": "7dd240b5-4c9d-6fde-624f-29a3f8daf93e", "yes_price": 18, "yes_price_dollars": "0.1800"}
{"count": 1, "count_fp": "1.00", "created_time": "2026-03-05T04:31:14.559216Z", "no_price": 82, "no_price_dollars": "0.8200", "price": 0.18, "taker_side": "no", "ticker": "KXINX-26MAR05H1600-B6887", "trade_id": "d4608a8e-ae15-5ede-4f87-b00ebb698bda", "yes_price": 18, "yes_price_dollars": "0.1800"}
{"count": 1, "count_fp": "1.00", "created_time": "2026-03-05T04:29:38.863836Z", "no_price": 82, "no_price_dollars": "0.8200", "price": 0.18, "taker_side": "no", "ticker": "KXINX-26MAR05H1600-B6887", "trade_id": "7304b827-7669-7726-aaea-3d68a0784ca2", "yes_price": 18, "yes_price_dollars": "0.1800"}
{"count": 1, "count_fp": "1.00", "created_time": "2026-03-05T04:25:41.122473Z", "no_price": 82, "no_price_dollars": "0.8200", "price": 0.18, "taker_side": "no", "ticker": "KXINX-26MAR05H1600-B6887", "trade_id": "53ab03a9-4269-7d36-f328-19efbee3af72", "yes_price": 18, "yes_price_dollars": "0.1800"}
{"count": 1, "count_fp": "1.00", "created_time": "2026-03-05T04:24:05.515836Z", "no_price": 82, "no_price_dollars": "0.8200", "price": 0.18, "taker_side": "no", "ticker": "KXINX-26MAR05H1600-B6887", "trade_id": "17486eda-49e1-543a-feea-609208ad6292", "yes_price": 18, "yes_price_dollars": "0.1800"}
{"count": 2, "count_fp": "2.00", "created_time": "2026-03-05T04:22:29.503982Z", "no_price": 82, "no_price_dollars": "0.8200", "price": 0.18, "taker_side": "no", "ticker": "KXINX-26MAR05H1600-B6887", "trade_id": "2bbdffab-9a91-4d92-9931-4f5d3ceef592", "yes_price": 18, "yes_price_dollars": "0.1800"}
{"count": 2, "count_fp": "2.00", "created_time": "2026-03-05T04:20:52.916423Z", "no_price": 82, "no_price_dollars": "0.8200", "price": 0.18, "taker_side": "no", "ticker": "KXINX-26MAR05H1600-B6887", "trade_id": "f1e9adf2-adcd-4b6a-285b-c51e464894c2", "yes_price": 18, "yes_price_dollars": "0.1800"}
{"count": 1, "count_fp": "1.00", "created_time": "2026-03-05T04:13:40.163938Z", "no_price": 82, "no_price_dollars": "0.8200", "price": 0.18, "taker_side": "no", "ticker": "KXINX-26MAR05H1600-B6887", "trade_id": "9705d2f8-6ae9-70fa-588d-e905dff487ae", "yes_price": 18, "yes_price_dollars": "0.1800"}
{"count": 1, "count_fp": "1.00", "created_time": "2026-03-05T03:54:09.535305Z", "no_price": 82, "no_price_dollars": "0.8200", "price": 0.18, "taker_side": "no", "ticker": "KXINX-26MAR05H1600-B6887", "trade_id": "fd54ae63-6a1d-6946-9e78-0fd13a7ad41e", "yes_price": 18, "yes_price_dollars": "0.1800"}
{"count": 13, "count_fp": "13.00", "created_time": "2026-03-05T03:34:28.857344Z", "no_price": 72, "no_price_dollars": "0.7200", "price": 0.28, "taker_side": "no", "ticker": "KXINX-26MAR05H1600-B6887", "trade_id": "1b795097-0e3b-4491-bff8-9692c1d6f22b", "yes_price": 28, "yes_price_dollars": "0.2800"}
{"count": 1, "count_fp": "1.00", "created_time": "2026-03-05T18:43:31.504415Z", "no_price": 95, "no_price_dollars": "0.9500", "price": 0.05, "taker_side": "yes", "ticker": "KXINX-26MAR05H1600-B6862", "trade_id": "e3e833be-8eca-5d9c-f86c-d37fc6f9457f", "yes_price": 5, "yes_price_dollars": "0.0500"}
{"count": 6, "count_fp": "6.00", "created_time": "2026-03-05T18:39:25.801643Z", "no_price": 95, "no_price_dollars": "0.9500", "price": 0.05, "taker_side": "yes", "ticker": "KXINX-26MAR05H1600-B6862", "trade_id": "03950ad1-59e2-7128-5803-27d1eead0313", "yes_price": 5, "yes_price_dollars": "0.0500"}
{"count": 1, "count_fp": "1.00", "created_time": "2026-03-05T18:07:38.235109Z", "no_price": 94, "no_price_dollars": "0.9400", "price": 0.06, "taker_side": "yes", "ticker": "KXINX-26MAR05H1600-B6862", "trade_id": "f213d088-0c36-70d0-c399-2ba46bb0dfd7", "yes_price": 6, "yes_price_dollars": "0.0600"}
{"count": 11, "count_fp": "11.00", "created_time": "2026-03-05T17:38:44.489436Z", "no_price": 96, "no_price_dollars": "0.9600", "price": 0.04, "taker_side": "no", "ticker": "KXINX-26MAR05H1600-B6862", "trade_id": "6b3bd174-2bdb-7550-17d7-09fcb0c23c70", "yes_price": 4, "yes_price_dollars": "0.0400"}
{"count": 3, "count_fp": "3.00", "created_time": "2026-03-05T17:13:58.945154Z", "no_price": 84, "no_price_dollars": "0.8400", "price": 0.16, "taker_side": "no", "ticker": "KXINX-26MAR05H1600-B6862", "trade_id": "37cd4212-07d0-6a0d-6018-dff7dffb7770", "yes_price": 16, "yes_price_dollars": "0.1600"}
{"count": 60, "count_fp": "60.00", "created_time": "2026-03-05T17:07:38.994992Z", "no_price": 80, "no_price_dollars": "0.8000", "price": 0.2, "taker_side": "no", "ticker": "KXINX-26MAR05H1600-B6862", "trade_id": "e11c1b9a-d27a-748d-00a0-a031a60d28ec", "yes_price": 20, "yes_price_dollars": "0.2000"}
{"count": 56, "count_fp": "56.00", "created_time": "2026-03-05T17:07:03.667958Z", "no_price": 75, "no_price_dollars": "0.7500", "price": 0.25, "taker_side": "no", "ticker": "KXINX-26MAR05H1600-B6862", "trade_id": "83218cd2-7888-7a2a-35c1-2e292c5ab4ea", "yes_price": 25, "yes_price_dollars": "0.2500"}
{"count": 60, "count_fp": "60.00", "created_time": "2026-03-05T17:04:50.414644Z", "no_price": 75, "no_price_dollars": "0.7500", "price": 0.25, "taker_side": "yes", "ticker": "KXINX-26MAR05H1600-B6862", "trade_id": "db0c5b55-07d9-476b-1f03-38de5281c4d9", "yes_price": 25, "yes_price_dollars": "0.2500"}
{"count": 11, "count_fp": "11.00", "created_time": "2026-03-05T17:04:02.951695Z", "no_price": 74, "no_price_dollars": "0.7400", "price": 0.26, "taker_side": "yes", "ticker": "KXINX-26MAR05H1600-B6862", "trade_id": "158dba8c-6dc9-6268-39de-169090460be6", "yes_price": 26, "yes_price_dollars": "0.2600"}
{"count": 59, "count_fp": "59.00", "created_time": "2026-03-05T17:03:49.418809Z", "no_price": 80, "no_price_dollars": "0.8000", "price": 0.2, "taker_side": "yes", "ticker": "KXINX-26MAR05H1600-B6862", "trade_id": "031cb6d5-0624-48e2-0cc9-195dda3ba4fc", "yes_price": 20, "yes_price_dollars": "0.2000"}
{"count": 1, "count_fp": "1.00", "created_time": "2026-03-05T16:41:00.507779Z", "no_price": 82, "no_price_dollars": "0.8200", "price": 0.18, "taker_side": "yes", "ticker": "KXINX-26MAR05H1600-B6862", "trade_id": "b8efb1e8-8a4c-436a-0687-e2b3576287b4", "yes_price": 18, "yes_price_dollars": "0.1800"}
{"count": 1, "count_fp": "1.00", "created_time": "2026-03-05T15:09:29.024751Z", "no_price": 79, "no_price_dollars": "0.7900", "price": 0.21, "taker_side": "no", "ticker": "KXINX-26MAR05H1600-B6862", "trade_id": "fd631b51-29d8-5d0e-6485-a5729b0d5172", "yes_price": 21, "yes_price_dollars": "0.2100"}
{"count": 2, "count_fp": "2.00", "created_time": "2026-03-05T14:53:19.854462Z", "no_price": 81, "no_price_dollars": "0.8100", "price": 0.19, "taker_side": "no", "ticker": "KXINX-26MAR05H1600-B6862", "trade_id": "9cbb3a49-2325-42de-998a-184fe5da8fce", "yes_price": 19, "yes_price_dollars": "0.1900"}
{"count": 3, "count_fp": "3.00", "created_time": "2026-03-05T14:42:55.213985Z", "no_price": 83, "no_price_dollars": "0.8300", "price": 0.17, "taker_side": "no", "ticker": "KXINX-26MAR05H1600-B6862", "trade_id": "5e19676b-b794-5f56-88d4-3859ac75e27a", "yes_price": 17, "yes_price_dollars": "0.1700"}
{"count": 1, "count_fp": "1.00", "created_time": "2026-03-05T13:00:07.915542Z", "no_price": 80, "no_price_dollars": "0.8000", "price": 0.2, "taker_side": "yes", "ticker": "KXINX-26MAR05H1600-B6862", "trade_id": "51215d3d-2eae-5cba-ab19-3687b8822275", "yes_price": 20, "yes_price_dollars": "0.2000"}
{"count": 50, "count_fp": "50.00", "created_time": "2026-03-05T20:59:59.041503Z", "no_price": 12, "no_price_dollars": "0.1200", "price": 0.88, "taker_side": "yes", "ticker": "KXINX-26MAR05H1600-B6837", "trade_id": "70ed14eb-e15d-455a-33c3-ff8fa5edbded", "yes_price": 88, "yes_price_dollars": "0.8800"}
{"count": 12, "count_fp": "12.00", "created_time": "2026-03-05T20:57:53.842561Z", "no_price": 19, "no_price_dollars": "0.1900", "price": 0.81, "taker_side": "yes", "ticker": "KXINX-26MAR05H1600-B6837", "trade_id": "2a8351d4-9207-420e-f9cb-ca63f02d4e52", "yes_price": 81, "yes_price_dollars": "0.8100"}
{"count": 12, "count_fp": "12.00", "created_time": "2026-03-05T20:54:32.978723Z", "no_price": 47, "no_price_dollars": "0.4700", "price": 0.53, "taker_side": "yes", "ticker": "KXINX-26MAR05H1600-B6837", "trade_id": "fc6e818b-0ccd-4a99-f0c9-e1a1a464902b", "yes_price": 53, "yes_price_dollars": "0.5300"}
{"count": 8, "count_fp": "8.00", "created_time": "2026-03-05T20:54:30.292814Z", "no_price": 55, "no_price_dollars": "0.5500", "price": 0.45, "taker_side": "yes", "ticker": "KXINX-26MAR05H1600-B6837", "trade_id": "1d183975-c99d-4380-3015-a986a8295fbd", "yes_price": 45, "yes_price_dollars": "0.4500"}
{"count": 4, "count_fp": "4.00", "created_time": "2026-03-05T20:54:22.889283Z", "no_price": 55, "no_price_dollars": "0.5500", "price": 0.45, "taker_side": "yes", "ticker": "KXINX-26MAR05H1600-B6837", "trade_id": "c4c17ce0-6b65-7f8c-0cf6-266003c850c5", "yes_price": 45, "yes_price_dollars": "0.4500"}
{"count": 80, "count_fp": "80.00", "created_time": "2026-03-05T20:50:03.43728Z", "no_price": 59, "no_price_dollars": "0.5900", "price": 0.41, "taker_side": "yes", "ticker": "KXINX-26MAR05H1600-B6837", "trade_id": "0acfec2b-05b3-4dff-0a54-b557751de4f0", "yes_price": 41, "yes_price_dollars": "0.4100"}
{"count": 4, "count_fp": "4.00", "created_time": "2026-03-05T20:38:43.703915Z", "no_price": 60, "no_price_dollars": "0.6000", "price": 0.4, "taker_side": "yes", "ticker": "KXINX-26MAR05H1600-B6837", "trade_id": "48277be9-a583-4ab2-4975-408cd74f4247", "yes_price": 40, "yes_price_dollars": "0.4000"}
{"count": 7, "count_fp": "7.00", "created_time": "2026-03-05T20:27:53.005005Z", "no_price": 60, "no_price_dollars": "0.6000", "price": 0.4, "taker_side": "yes", "ticker": "KXINX-26MAR05H1600-B6837", "trade_id": "244c0f8f-b3cf-6142-b0ff-f1e140469f77", "yes_price": 40, "yes_price_dollars": "0.4000"}
{"count": 25, "count_fp": "25.00", "created_time": "2026-03-05T20:25:24.512753Z", "no_price": 76, "no_price_dollars": "0.7600", "price": 0.24, "taker_side": "yes", "ticker": "KXINX-26MAR05H1600-B6837", "trade_id": "57d728d7-cd25-6e95-77d9-29dbe0b8ace1", "yes_price": 24, "yes_price_dollars": "0.2400"}
{"count": 23, "count_fp": "23.00", "created_time": "2026-03-05T20:23:32.047627Z", "no_price": 79, "no_price_dollars": "0.7900", "price": 0.21, "taker_side": "yes", "ticker": "KXINX-26MAR05H1600-B6837", "trade_id": "d2c81f8d-a4a1-751d-332a-199d62e935e5", "yes_price": 21, "yes_price_dollars": "0.2100"}
{"count": 12, "count_fp": "12.00", "created_time": "2026-03-05T20:12:37.788405Z", "no_price": 83, "no_price_dollars": "0.8300", "price": 0.17, "taker_side": "yes", "ticker": "KXINX-26MAR05H1600-B6837", "trade_id": "19642499-0bbd-5ecd-22b2-81e086db3cb9", "yes_price": 17, "yes_price_dollars": "0.1700"}
{"count": 14, "count_fp": "14.00", "created_time": "2026-03-05T19:23:00.692793Z", "no_price": 95, "no_price_dollars": "0.9500", "price": 0.05, "taker_side": "no", "ticker": "KXINX-26MAR05H1600-B6837", "trade_id": "98d117e0-a0d4-516f-9f83-03de829df952", "yes_price": 5, "yes_price_dollars": "0.0500"}
{"count": 60, "count_fp": "60.00", "created_time": "2026-03-05T18:19:42.556929Z", "no_price": 91, "no_price_dollars": "0.9100", "price": 0.09, "taker_side": "no", "ticker": "KXINX-26MAR05H1600-B6837", "trade_id": "13676670-ad77-5e01-21dd-ea3caed1594e", "yes_price": 9, "yes_price_dollars": "0.0900"}
{"count": 30, "count_fp": "30.00", "created_time": "2026-03-05T18:17:38.638025Z", "no_price": 87, "no_price_dollars": "0.8700", "price": 0.13, "taker_side": "yes", "ticker": "KXINX-26MAR05H1600-B6837", "trade_id": "fd07f08d-b612-47fa-9072-af9fc9ef74e3", "yes_price": 13, "yes_price_dollars": "0.1300"}
{"count": 60, "count_fp": "60.00", "created_time": "2026-03-05T18:17:38.638025Z", "no_price": 87, "no_price_dollars": "0.8700", "price": 0.13, "taker_side": "yes", "ticker": "KXINX-26MAR05H1600-B6837", "trade_id": "25d48548-e960-4fc7-998e-de298f7d8edb", "yes_price": 13, "yes_price_dollars": "0.1300"}
{"count": 20, "count_fp": "20.00", "created_time": "2026-03-05T18:15:14.440706Z", "no_price": 85, "no_price_dollars": "0.8500", "price": 0.15, "taker_side": "yes", "ticker": "KXINX-26MAR05H1600-B6837", "trade_id": "b518c4a4-e6e2-70c6-0d0a-e2efa5de0e77", "yes_price": 15, "yes_price_dollars": "0.1500"}
{"count": 9, "count_fp": "9.00", "created_time": "2026-03-05T18:15:14.440706Z", "no_price": 85, "no_price_dollars": "0.8500", "price": 0.15, "taker_side": "yes", "ticker": "KXINX-26MAR05H1600-B6837", "trade_id": "2a09982c-d2b6-7459-29dd-3bea8b17ca25", "yes_price": 15, "yes_price_dollars": "0.1500"}
{"count": 1, "count_fp": "1.00", "created_time": "2026-03-05T18:08:25.723959Z", "no_price": 87, "no_price_dollars": "0.8700", "price": 0.13, "taker_side": "yes", "ticker": "KXINX-26MAR05H1600-B6837", "trade_id": "99899576-d862-78c9-013b-2a29fffae35d", "yes_price": 13, "yes_price_dollars": "0.1300"}
{"count": 50, "count_fp": "50.00", "created_time": "2026-03-05T17:58:47.871085Z", "no_price": 89, "no_price_dollars": "0.8900", "price": 0.11, "taker_side": "yes", "ticker": "KXINX-26MAR05H1600-B6837", "trade_id": "c6a5345c-be82-51bd-aa58-c7d3861a82f9", "yes_price": 11, "yes_price_dollars": "0.1100"}
{"count": 79, "count_fp": "79.00", "created_time": "2026-03-05T17:52:02.066877Z", "no_price": 88, "no_price_dollars": "0.8800", "price": 0.12, "taker_side": "yes", "ticker": "KXINX-26MAR05H1600-B6837", "trade_id": "fdc1b320-e16a-725a-2234-635d38388a83", "yes_price": 12, "yes_price_dollars": "0.1200"}
{"count": 1, "count_fp": "1.00", "created_time": "2026-03-05T17:52:02.066877Z", "no_price": 89, "no_price_dollars": "0.8900", "price": 0.11, "taker_side": "yes", "ticker": "KXINX-26MAR05H1600-B6837", "trade_id": "b7d3896c-29f4-70e2-3830-cf7facfb7154", "yes_price": 11, "yes_price_dollars": "0.1100"}
{"count": 60, "count_fp": "60.00", "created_time": "2026-03-05T17:42:02.67024Z", "no_price": 86, "no_price_dollars": "0.8600", "price": 0.14, "taker_side": "no", "ticker": "KXINX-26MAR05H1600-B6837", "trade_id": "aba83431-883c-7ba2-5677-d675effd2efe", "yes_price": 14, "yes_price_dollars": "0.1400"}
{"count": 48, "count_fp": "48.00", "created_time": "2026-03-05T17:38:34.576075Z", "no_price": 87, "no_price_dollars": "0.8700", "price": 0.13, "taker_side": "no", "ticker": "KXINX-26MAR05H1600-B6837", "trade_id": "f9eff251-ceec-6c93-e91c-ba9398fd0eef", "yes_price": 13, "yes_price_dollars": "0.1300"}
{"count": 10, "count_fp": "10.00", "created_time": "2026-03-05T17:31:13.613292Z", "no_price": 82, "no_price_dollars": "0.8200", "price": 0.18, "taker_side": "no", "ticker": "KXINX-26MAR05H1600-B6837", "trade_id": "ccc08a56-48b6-6263-bff0-9e616ef54170", "yes_price": 18, "yes_price_dollars": "0.1800"}
{"count": 10, "count_fp": "10.00", "created_time": "2026-03-05T17:29:59.811519Z", "no_price": 80, "no_price_dollars": "0.8000", "price": 0.2, "taker_side": "no", "ticker": "KXINX-26MAR05H1600-B6837", "trade_id": "457c053f-e471-65d3-8522-9784cfffa194", "yes_price": 20, "yes_price_dollars": "0.2000"}
{"count": 40, "count_fp": "40.00", "created_time": "2026-03-05T17:24:13.903179Z", "no_price": 78, "no_price_dollars": "0.7800", "price": 0.22, "taker_side": "yes", "ticker": "KXINX-26MAR05H1600-B6837", "trade_id": "3fcfd726-c864-4eee-f580-20f46b6e3048", "yes_price": 22, "yes_price_dollars": "0.2200"}
{"count": 19, "count_fp": "19.00", "created_time": "2026-03-05T17:17:36.230647Z", "no_price": 75, "no_price_dollars": "0.7500", "price": 0.25, "taker_side": "yes", "ticker": "KXINX-26MAR05H1600-B6837", "trade_id": "4055ea34-8d34-72ae-1390-f929819723b4", "yes_price": 25, "yes_price_dollars": "0.2500"}
{"count": 60, "count_fp": "60.00", "created_time": "2026-03-05T17:17:11.917446Z", "no_price": 75, "no_price_dollars": "0.7500", "price": 0.25, "taker_side": "no", "ticker": "KXINX-26MAR05H1600-B6837", "trade_id": "248d3cf3-d75c-64c6-98f1-a861e540e135", "yes_price": 25, "yes_price_dollars": "0.2500"}
{"count": 5, "count_fp": "5.00", "created_time": "2026-03-05T17:10:29.918183Z", "no_price": 72, "no_price_dollars": "0.7200", "price": 0.28, "taker_side": "no", "ticker": "KXINX-26MAR05H1600-B6837", "trade_id": "3492f2dd-f4dc-662d-99b3-d8c01234981f", "yes_price": 28, "yes_price_dollars": "0.2800"}
{"count": 50, "count_fp": "50.00", "created_time": "2026-03-05T17:10:24.023828Z", "no_price": 71, "no_price_dollars": "0.7100", "price": 0.29, "taker_side": "no", "ticker": "KXINX-26MAR05H1600-B6837", "trade_id": "1a5a4165-04ea-6f9b-89ee-8be2bc6c2c77", "yes_price": 29, "yes_price_dollars": "0.2900"}
{"count": 18, "count_fp": "18.00", "created_time": "2026-03-05T17:04:13.133074Z", "no_price": 67, "no_price_dollars": "0.6700", "price": 0.33, "taker_side": "yes", "ticker": "KXINX-26MAR05H1600-B6837", "trade_id": "cefd35c0-9df7-63a7-2035-72b539d71b84", "yes_price": 33, "yes_price_dollars": "0.3300"}
{"count": 11, "count_fp": "11.00", "created_time": "2026-03-05T17:04:13.133074Z", "no_price": 67, "no_price_dollars": "0.6700", "price": 0.33, "taker_side": "yes", "ticker": "KXINX-26MAR05H1600-B6837", "trade_id": "257ed2ad-d393-6bdd-0fd3-ad352c72115a", "yes_price": 33, "yes_price_dollars": "0.3300"}
{"count": 10, "count_fp": "10.00", "created_time": "2026-03-05T16:36:27.224684Z", "no_price": 78, "no_price_dollars": "0.7800", "price": 0.22, "taker_side": "no", "ticker": "KXINX-26MAR05H1600-B6837", "trade_id": "74a2b792-79a6-749b-7e90-9d73ffbc4eab", "yes_price": 22, "yes_price_dollars": "0.2200"}
{"count": 42, "count_fp": "42.00", "created_time": "2026-03-05T16:31:02.816842Z", "no_price": 77, "no_price_dollars": "0.7700", "price": 0.23, "taker_side": "yes", "ticker": "KXINX-26MAR05H1600-B6837", "trade_id": "e202e9bf-a087-4eb7-2faf-8fe396e38214", "yes_price": 23, "yes_price_dollars": "0.2300"}
{"count": 401, "count_fp": "401.00", "created_time": "2026-03-05T16:24:33.162955Z", "no_price": 77, "no_price_dollars": "0.7700", "price": 0.23, "taker_side": "yes", "ticker": "KXINX-26MAR05H1600-B6837", "trade_id": "7877eee7-52df-5d58-820d-f346b3a67fa8", "yes_price": 23, "yes_price_dollars": "0.2300"}
{"count": 12, "count_fp": "12.00", "created_time": "2026-03-05T16:13:47.238715Z", "no_price": 69, "no_price_dollars": "0.6900", "price": 0.31, "taker_side": "yes", "ticker": "KXINX-26MAR05H1600-B6837", "trade_id": "d79c6a8a-3664-5d55-2b7b-e6710c0eeae7", "yes_price": 31, "yes_price_dollars": "0.3100"}
{"count": 12, "count_fp": "12.00", "created_time": "2026-03-05T16:13:47.238715Z", "no_price": 63, "no_price_dollars": "0.6300", "price": 0.37, "taker_side": "yes", "ticker": "KXINX-26MAR05H1600-B6837", "trade_id": "87941001-0a87-5d61-2182-e74d49b9d817", "yes_price": 37, "yes_price_dollars": "0.3700"}
{"count": 39, "count_fp": "39.00", "created_time": "2026-03-05T16:13:47.238715Z", "no_price": 77, "no_price_dollars": "0.7700", "price": 0.23, "taker_side": "yes", "ticker": "KXINX-26MAR05H1600-B6837", "trade_id": "80797af4-799a-5b41-385a-65165484a075", "yes_price": 23, "yes_price_dollars": "0.2300"}
{"count": 13, "count_fp": "13.00", "created_time": "2026-03-05T16:13:47.238715Z", "no_price": 76, "no_price_dollars": "0.7600", "price": 0.24, "taker_side": "yes", "ticker": "KXINX-26MAR05H1600-B6837", "trade_id": "2700af48-3d09-5fb7-074d-becbffed01a6", "yes_price": 24, "yes_price_dollars": "0.2400"}
{"count": 45, "count_fp": "45.00", "created_time": "2026-03-05T16:13:47.238715Z", "no_price": 59, "no_price_dollars": "0.5900", "price": 0.41, "taker_side": "yes", "ticker": "KXINX-26MAR05H1600-B6837", "trade_id": "26d68696-a173-560b-1112-bfc51af0b9cc", "yes_price": 41, "yes_price_dollars": "0.4100"}
{"count": 21, "count_fp": "21.00", "created_time": "2026-03-05T16:08:26.088857Z", "no_price": 76, "no_price_dollars": "0.7600", "price": 0.24, "taker_side": "yes", "ticker": "KXINX-26MAR05H1600-B6837", "trade_id": "3500875a-1f5a-5ea1-8cad-4b9587c7ca7d", "yes_price": 24, "yes_price_dollars": "0.2400"}
{"count": 18, "count_fp": "18.00", "created_time": "2026-03-05T16:08:04.960458Z", "no_price": 75, "no_price_dollars": "0.7500", "price": 0.25, "taker_side": "yes", "ticker": "KXINX-26MAR05H1600-B6837", "trade_id": "bbc1ab1f-9ff6-68f1-3776-076cf172f83f", "yes_price": 25, "yes_price_dollars": "0.2500"}
{"count": 11, "count_fp": "11.00", "created_time": "2026-03-05T16:01:59.481743Z", "no_price": 75, "no_price_dollars": "0.7500", "price": 0.25, "taker_side": "yes", "ticker": "KXINX-26MAR05H1600-B6837", "trade_id": "a80e6cec-781a-4b61-bfd4-9ae3accf3eb3", "yes_price": 25, "yes_price_dollars": "0.2500"}
{"count": 11, "count_fp": "11.00", "created_time": "2026-03-05T16:01:59.481743Z", "no_price": 75, "no_price_dollars": "0.7500", "price": 0.25, "taker_side": "yes", "ticker": "KXINX-26MAR05H1600-B6837", "trade_id": "a19c8ff4-b068-4021-91f0-6e4758cec07d", "yes_price": 25, "yes_price_dollars": "0.2500"}
{"count": 5, "count_fp": "5.00", "created_time": "2026-03-05T15:38:47.426613Z", "no_price": 78, "no_price_dollars": "0.7800", "price": 0.22, "taker_side": "yes", "ticker": "KXINX-26MAR05H1600-B6837", "trade_id": "b0610480-657b-62b3-c822-44f14bd25cc5", "yes_price": 22, "yes_price_dollars": "0.2200"}
{"count": 49, "count_fp": "49.00", "created_time": "2026-03-05T14:45:05.709886Z", "no_price": 80, "no_price_dollars": "0.8000", "price": 0.2, "taker_side": "yes", "ticker": "KXINX-26MAR05H1600-B6837", "trade_id": "2cc29bb7-3cec-4fb5-46c8-1bd91a0a2939", "yes_price": 20, "yes_price_dollars": "0.2000"}
{"count": 1, "count_fp": "1.00", "created_time": "2026-03-05T14:44:44.279627Z", "no_price": 80, "no_price_dollars": "0.8000", "price": 0.2, "taker_side": "yes", "ticker": "KXINX-26MAR05H1600-B6837", "trade_id": "7bbbe324-02d1-7282-6dc9-979f41e910d3", "yes_price": 20, "yes_price_dollars": "0.2000"}
{"count": 1, "count_fp": "1.00", "created_time": "2026-03-05T13:45:32.667508Z", "no_price": 82, "no_price_dollars": "0.8200", "price": 0.18, "taker_side": "yes", "ticker": "KXINX-26MAR05H1600-B6837", "trade_id": "069387ef-ed99-4beb-c668-c03ddbba9b34", "yes_price": 18, "yes_price_dollars": "0.1800"}
{"count": 29, "count_fp": "29.00", "created_time": "2026-03-05T20:57:41.443805Z", "no_price": 75, "no_price_dollars": "0.7500", "price": 0.25, "taker_side": "no", "ticker": "KXINX-26MAR05H1600-B6812", "trade_id": "bc565146-4d98-7248-7375-cb2b6bacc275", "yes_price": 25, "yes_price_dollars": "0.2500"}
{"count": 1, "count_fp": "1.00", "created_time": "2026-03-05T20:57:41.115867Z", "no_price": 74, "no_price_dollars": "0.7400", "price": 0.26, "taker_side": "no", "ticker": "KXINX-26MAR05H1600-B6812", "trade_id": "2a3047fb-e98f-51c8-de03-a7bebbf41764", "yes_price": 26, "yes_price_dollars": "0.2600"}
{"count": 6666, "count_fp": "6666.00", "created_time": "2026-03-05T20:57:02.813685Z", "no_price": 55, "no_price_dollars": "0.5500", "price": 0.45, "taker_side": "yes", "ticker": "KXINX-26MAR05H1600-B6812", "trade_id": "c014ecc2-c81c-78ea-ca4f-5842be980d4c", "yes_price": 45, "yes_price_dollars": "0.4500"}
{"count": 1, "count_fp": "1.00", "created_time": "2026-03-05T20:53:52.62621Z", "no_price": 13, "no_price_dollars": "0.1300", "price": 0.87, "taker_side": "yes", "ticker": "KXINX-26MAR05H1600-B6812", "trade_id": "daaf2afa-b4dd-7dde-1c88-ed10e0fc3506", "yes_price": 87, "yes_price_dollars": "0.8700"}
{"count": 1, "count_fp": "1.00", "created_time": "2026-03-05T20:53:52.62621Z", "no_price": 13, "no_price_dollars": "0.1300", "price": 0.87, "taker_side": "yes", "ticker": "KXINX-26MAR05H1600-B6812", "trade_id": "77e7b506-affc-7190-08a6-3a068f7356a5", "yes_price": 87, "yes_price_dollars": "0.8700"}
{"count": 2, "count_fp": "2.00", "created_time": "2026-03-05T20:50:03.390735Z", "no_price": 42, "no_price_dollars": "0.4200", "price": 0.58, "taker_side": "no", "ticker": "KXINX-26MAR05H1600-B6812", "trade_id": "aae7cb0a-d6fe-4acb-9e46-ce9cd528af29", "yes_price": 58, "yes_price_dollars": "0.5800"}
{"count": 2, "count_fp": "2.00", "created_time": "2026-03-05T20:50:03.390735Z", "no_price": 42, "no_price_dollars": "0.4200", "price": 0.58, "taker_side": "no", "ticker": "KXINX-26MAR05H1600-B6812", "trade_id": "5b390b9c-b2ec-4572-91b9-9121a1113872", "yes_price": 58, "yes_price_dollars": "0.5800"}
{"count": 9, "count_fp": "9.00", "created_time": "2026-03-05T20:42:13.173635Z", "no_price": 12, "no_price_dollars": "0.1200", "price": 0.88, "taker_side": "yes", "ticker": "KXINX-26MAR05H1600-B6812", "trade_id": "fb0c959c-ec23-5439-9ae2-5a3409cb31d9", "yes_price": 88, "yes_price_dollars": "0.8800"}
{"count": 2, "count_fp": "2.00", "created_time": "2026-03-05T20:42:13.173635Z", "no_price": 13, "no_price_dollars": "0.1300", "price": 0.87, "taker_side": "yes", "ticker": "KXINX-26MAR05H1600-B6812", "trade_id": "d7f3823a-0f88-5d09-8e4d-42bb1d52fd4f", "yes_price": 87, "yes_price_dollars": "0.8700"}
{"count": 1, "count_fp": "1.00", "created_time": "2026-03-05T20:38:08.190924Z", "no_price": 13, "no_price_dollars": "0.1300", "price": 0.87, "taker_side": "yes", "ticker": "KXINX-26MAR05H1600-B6812", "trade_id": "d195553d-a995-7d50-afbe-397a482a3e34", "yes_price": 87, "yes_price_dollars": "0.8700"}
{"count": 2, "count_fp": "2.00", "created_time": "2026-03-05T20:38:07.86818Z", "no_price": 41, "no_price_dollars": "0.4100", "price": 0.59, "taker_side": "no", "ticker": "KXINX-26MAR05H1600-B6812", "trade_id": "cc5ea46c-a24d-4242-3236-d27496766aa8", "yes_price": 59, "yes_price_dollars": "0.5900"}
{"count": 3, "count_fp": "3.00", "created_time": "2026-03-05T20:38:07.86818Z", "no_price": 41, "no_price_dollars": "0.4100", "price": 0.59, "taker_side": "no", "ticker": "KXINX-26MAR05H1600-B6812", "trade_id": "1df9ca30-b5c7-4d1c-0b08-7169d72b6ae2", "yes_price": 59, "yes_price_dollars": "0.5900"}
{"count": 60, "count_fp": "60.00", "created_time": "2026-03-05T20:36:45.295804Z", "no_price": 35, "no_price_dollars": "0.3500", "price": 0.65, "taker_side": "yes", "ticker": "KXINX-26MAR05H1600-B6812", "trade_id": "fd110533-e4aa-4d87-c19b-e1c59ea0538a", "yes_price": 65, "yes_price_dollars": "0.6500"}
{"count": 4, "count_fp": "4.00", "created_time": "2026-03-05T20:36:45.295804Z", "no_price": 34, "no_price_dollars": "0.3400", "price": 0.66, "taker_side": "yes", "ticker": "KXINX-26MAR05H1600-B6812", "trade_id": "c6f64c9e-e3a9-49c3-d6e3-9236f8607720", "yes_price": 66, "yes_price_dollars": "0.6600"}
{"count": 26, "count_fp": "26.00", "created_time": "2026-03-05T20:36:45.295804Z", "no_price": 12, "no_price_dollars": "0.1200", "price": 0.88, "taker_side": "yes", "ticker": "KXINX-26MAR05H1600-B6812", "trade_id": "b9e52b89-511b-43b9-ca5b-05e1a7947f65", "yes_price": 88, "yes_price_dollars": "0.8800"}
{"count": 4, "count_fp": "4.00", "created_time": "2026-03-05T20:36:45.295804Z", "no_price": 30, "no_price_dollars": "0.3000", "price": 0.7, "taker_side": "yes", "ticker": "KXINX-26MAR05H1600-B6812", "trade_id": "980f66c5-e80b-4c9a-dd3a-4ae072a6120c", "yes_price": 70, "yes_price_dollars": "0.7000"}
{"count": 2, "count_fp": "2.00", "created_time": "2026-03-05T20:36:45.295804Z", "no_price": 19, "no_price_dollars": "0.1900", "price": 0.81, "taker_side": "yes", "ticker": "KXINX-26MAR05H1600-B6812", "trade_id": "0714e08f-4bdd-4004-ef7d-0129c69c120d", "yes_price": 81, "yes_price_dollars": "0.8100"}
{"count": 6, "count_fp": "6.00", "created_time": "2026-03-05T20:35:20.263977Z", "no_price": 30, "no_price_dollars": "0.3000", "price": 0.7, "taker_side": "yes", "ticker": "KXINX-26MAR05H1600-B6812", "trade_id": "5f07e342-69ab-5f2a-4577-8a490502ecb0", "yes_price": 70, "yes_price_dollars": "0.7000"}
{"count": 44, "count_fp": "44.00", "created_time": "2026-03-05T20:35:20.263977Z", "no_price": 43, "no_price_dollars": "0.4300", "price": 0.57, "taker_side": "yes", "ticker": "KXINX-26MAR05H1600-B6812", "trade_id": "5a5a3234-daac-5d0b-4556-48e751fd6e6a", "yes_price": 57, "yes_price_dollars": "0.5700"}
{"count": 1, "count_fp": "1.00", "created_time": "2026-03-05T20:33:35.202101Z", "no_price": 49, "no_price_dollars": "0.4900", "price": 0.51, "taker_side": "yes", "ticker": "KXINX-26MAR05H1600-B6812", "trade_id": "b7503871-1176-40f9-d945-79544535d51f", "yes_price": 51, "yes_price_dollars": "0.5100"}
{"count": 16, "count_fp": "16.00", "created_time": "2026-03-05T20:33:35.202101Z", "no_price": 42, "no_price_dollars": "0.4200", "price": 0.58, "taker_side": "yes", "ticker": "KXINX-26MAR05H1600-B6812", "trade_id": "61cb17ad-d96c-4cbf-eab5-b3156bafb7d2", "yes_price": 58, "yes_price_dollars": "0.5800"}
{"count": 5, "count_fp": "5.00", "created_time": "2026-03-05T20:30:05.29536Z", "no_price": 56, "no_price_dollars": "0.5600", "price": 0.44, "taker_side": "no", "ticker": "KXINX-26MAR05H1600-B6812", "trade_id": "e6709063-1316-76a3-96e7-7df5015d1e0f", "yes_price": 44, "yes_price_dollars": "0.4400"}
{"count": 1, "count_fp": "1.00", "created_time": "2026-03-05T20:26:11.222351Z", "no_price": 55, "no_price_dollars": "0.5500", "price": 0.45, "taker_side": "no", "ticker": "KXINX-26MAR05H1600-B6812", "trade_id": "8d86c6c9-4df2-51f7-ea31-5845547e28bf", "yes_price": 45, "yes_price_dollars": "0.4500"}
{"count": 16, "count_fp": "16.00", "created_time": "2026-03-05T20:22:46.53976Z", "no_price": 50, "no_price_dollars": "0.5000", "price": 0.5, "taker_side": "yes", "ticker": "KXINX-26MAR05H1600-B6812", "trade_id": "91e5da17-a1fe-478d-5df5-554def026f5d", "yes_price": 50, "yes_price_dollars": "0.5000"}
{"count": 42, "count_fp": "42.00", "created_time": "2026-03-05T20:22:46.53976Z", "no_price": 48, "no_price_dollars": "0.4800", "price": 0.52, "taker_side": "yes", "ticker": "KXINX-26MAR05H1600-B6812", "trade_id": "323b0d62-02e5-41ce-57da-0257769b1f9b", "yes_price": 52, "yes_price_dollars": "0.5200"}
{"count": 10, "count_fp": "10.00", "created_time": "2026-03-05T20:22:46.53976Z", "no_price": 19, "no_price_dollars": "0.1900", "price": 0.81, "taker_side": "yes", "ticker": "KXINX-26MAR05H1600-B6812", "trade_id": "2c1f22a4-49f9-4b70-7155-c6f83812dba9", "yes_price": 81, "yes_price_dollars": "0.8100"}
{"count": 6, "count_fp": "6.00", "created_time": "2026-03-05T20:19:39.265755Z", "no_price": 51, "no_price_dollars": "0.5100", "price": 0.49, "taker_side": "yes", "ticker": "KXINX-26MAR05H1600-B6812", "trade_id": "2b52813b-fb01-4d22-7dd8-6ad51fa58d5f", "yes_price": 49, "yes_price_dollars": "0.4900"}
{"count": 5, "count_fp": "5.00", "created_time": "2026-03-05T20:18:57.853053Z", "no_price": 59, "no_price_dollars": "0.5900", "price": 0.41, "taker_side": "yes", "ticker": "KXINX-26MAR05H1600-B6812", "trade_id": "bfd13522-cbf3-6a0e-1079-0e6c0264252a", "yes_price": 41, "yes_price_dollars": "0.4100"}
{"count": 3, "count_fp": "3.00", "created_time": "2026-03-05T20:17:55.410294Z", "no_price": 60, "no_price_dollars": "0.6000", "price": 0.4, "taker_side": "no", "ticker": "KXINX-26MAR05H1600-B6812", "trade_id": "1308c8fd-2729-43b0-c220-669b05aafb01", "yes_price": 40, "yes_price_dollars": "0.4000"}
{"count": 2, "count_fp": "2.00", "created_time": "2026-03-05T20:16:54.467127Z", "no_price": 58, "no_price_dollars": "0.5800", "price": 0.42, "taker_side": "yes", "ticker": "KXINX-26MAR05H1600-B6812", "trade_id": "3ceaff0a-eb29-4922-667f-a12958a90b3f", "yes_price": 42, "yes_price_dollars": "0.4200"}
{"count": 5, "count_fp": "5.00", "created_time": "2026-03-05T20:16:54.467127Z", "no_price": 58, "no_price_dollars": "0.5800", "price": 0.42, "taker_side": "yes", "ticker": "KXINX-26MAR05H1600-B6812", "trade_id": "381a7377-0864-4d41-610a-2b78178a816d", "yes_price": 42, "yes_price_dollars": "0.4200"}
{"count": 5, "count_fp": "5.00", "created_time": "2026-03-05T20:16:22.269494Z", "no_price": 58, "no_price_dollars": "0.5800", "price": 0.42, "taker_side": "no", "ticker": "KXINX-26MAR05H1600-B6812", "trade_id": "42659282-31c1-53d9-f0d0-81193aca609e", "yes_price": 42, "yes_price_dollars": "0.4200"}
{"count": 5, "count_fp": "5.00", "created_time": "2026-03-05T20:16:06.295744Z", "no_price": 57, "no_price_dollars": "0.5700", "price": 0.43, "taker_side": "yes", "ticker": "KXINX-26MAR05H1600-B6812", "trade_id": "e07c7ffb-7fce-4638-835f-b2384456e43d", "yes_price": 43, "yes_price_dollars": "0.4300"}
{"count": 3, "count_fp": "3.00", "created_time": "2026-03-05T20:16:06.295744Z", "no_price": 55, "no_price_dollars": "0.5500", "price": 0.45, "taker_side": "yes", "ticker": "KXINX-26MAR05H1600-B6812", "trade_id": "8358bfc3-ffc1-4816-b036-e5855cbeb163", "yes_price": 45, "yes_price_dollars": "0.4500"}
{"count": 1, "count_fp": "1.00", "created_time": "2026-03-05T20:15:32.669941Z", "no_price": 60, "no_price_dollars": "0.6000", "price": 0.4, "taker_side": "no", "ticker": "KXINX-26MAR05H1600-B6812", "trade_id": "4e9c9716-bece-555b-69c6-bc6fb50ce647", "yes_price": 40, "yes_price_dollars": "0.4000"}
{"count": 5, "count_fp": "5.00", "created_time": "2026-03-05T20:15:16.905744Z", "no_price": 60, "no_price_dollars": "0.6000", "price": 0.4, "taker_side": "yes", "ticker": "KXINX-26MAR05H1600-B6812", "trade_id": "14fc8bea-4906-6904-f66a-5a1b064db657", "yes_price": 40, "yes_price_dollars": "0.4000"}
{"count": 3, "count_fp": "3.00", "created_time": "2026-03-05T20:15:09.487652Z", "no_price": 58, "no_price_dollars": "0.5800", "price": 0.42, "taker_side": "yes", "ticker": "KXINX-26MAR05H1600-B6812", "trade_id": "ee05ded0-550d-473b-3162-f49c922088a5", "yes_price": 42, "yes_price_dollars": "0.4200"}
{"count": 3, "count_fp": "3.00", "created_time": "2026-03-05T20:15:09.487652Z", "no_price": 57, "no_price_dollars": "0.5700", "price": 0.43, "taker_side": "yes", "ticker": "KXINX-26MAR05H1600-B6812", "trade_id": "0df0a967-87a5-4302-2401-b2c719a541eb", "yes_price": 43, "yes_price_dollars": "0.4300"}
{"count": 5, "count_fp": "5.00", "created_time": "2026-03-05T20:15:03.981312Z", "no_price": 61, "no_price_dollars": "0.6100", "price": 0.39, "taker_side": "yes", "ticker": "KXINX-26MAR05H1600-B6812", "trade_id": "eb6f7889-0499-4469-b649-f5dc3296df82", "yes_price": 39, "yes_price_dollars": "0.3900"}
{"count": 5, "count_fp": "5.00", "created_time": "2026-03-05T20:14:36.702491Z", "no_price": 66, "no_price_dollars": "0.6600", "price": 0.34, "taker_side": "yes", "ticker": "KXINX-26MAR05H1600-B6812", "trade_id": "00813284-ffc2-5612-34a9-b5b8184ba620", "yes_price": 34, "yes_price_dollars": "0.3400"}
{"count": 4, "count_fp": "4.00", "created_time": "2026-03-05T20:14:15.483407Z", "no_price": 55, "no_price_dollars": "0.5500", "price": 0.45, "taker_side": "yes", "ticker": "KXINX-26MAR05H1600-B6812", "trade_id": "0c740ddc-51d5-603a-f0c8-8fbfb4f35863", "yes_price": 45, "yes_price_dollars": "0.4500"}
{"count": 60, "count_fp": "60.00", "created_time": "2026-03-05T20:03:34.627109Z", "no_price": 85, "no_price_dollars": "0.8500", "price": 0.15, "taker_side": "no", "ticker": "KXINX-26MAR05H1600-B6812", "trade_id": "b5bf100c-d409-5186-3767-ad4e04fcebde", "yes_price": 15, "yes_price_dollars": "0.1500"}
{"count": 1, "count_fp": "1.00", "created_time": "2026-03-05T20:03:34.627109Z", "no_price": 85, "no_price_dollars": "0.8500", "price": 0.15, "taker_side": "no", "ticker": "KXINX-26MAR05H1600-B6812", "trade_id": "1219b68b-168e-5362-2f56-83b50e31118d", "yes_price": 15, "yes_price_dollars": "0.1500"}
{"count": 8, "count_fp": "8.00", "created_time": "2026-03-05T20:02:13.656083Z", "no_price": 21, "no_price_dollars": "0.2100", "price": 0.79, "taker_side": "yes", "ticker": "KXINX-26MAR05H1600-B6812", "trade_id": "aad90ec3-55c8-7182-7222-5a8d47a08776", "yes_price": 79, "yes_price_dollars": "0.7900"}
{"count": 3, "count_fp": "3.00", "created_time": "2026-03-05T20:02:13.656083Z", "no_price": 81, "no_price_dollars": "0.8100", "price": 0.19, "taker_side": "yes", "ticker": "KXINX-26MAR05H1600-B6812", "trade_id": "421450ba-ec1b-7844-43fe-7f0d57d76081", "yes_price": 19, "yes_price_dollars": "0.1900"}
{"count": 60, "count_fp": "60.00", "created_time": "2026-03-05T20:02:13.656083Z", "no_price": 80, "no_price_dollars": "0.8000", "price": 0.2, "taker_side": "yes", "ticker": "KXINX-26MAR05H1600-B6812", "trade_id": "15d2a18d-2d97-7ab3-7a70-291ec0e7cbd6", "yes_price": 20, "yes_price_dollars": "0.2000"}
{"count": 5, "count_fp": "5.00", "created_time": "2026-03-05T19:55:21.065042Z", "no_price": 81, "no_price_dollars": "0.8100", "price": 0.19, "taker_side": "no", "ticker": "KXINX-26MAR05H1600-B6812", "trade_id": "8f849a29-eb85-4c28-c4b1-03ca5a9ad0a3", "yes_price": 19, "yes_price_dollars": "0.1900"}
{"count": 5, "count_fp": "5.00", "created_time": "2026-03-05T19:55:06.326034Z", "no_price": 81, "no_price_dollars": "0.8100", "price": 0.19, "taker_side": "no", "ticker": "KXINX-26MAR05H1600-B6812", "trade_id": "8872a781-55e7-6122-faca-7e49ba6a17d6", "yes_price": 19, "yes_price_dollars": "0.1900"}
{"count": 57, "count_fp": "57.00", "created_time": "2026-03-05T19:54:51.699491Z", "no_price": 79, "no_price_dollars": "0.7900", "price": 0.21, "taker_side": "no", "ticker": "KXINX-26MAR05H1600-B6812", "trade_id": "b623546d-e131-7318-5292-3aa3a3d529ee", "yes_price": 21, "yes_price_dollars": "0.2100"}
{"count": 5, "count_fp": "5.00", "created_time": "2026-03-05T19:54:51.006427Z", "no_price": 78, "no_price_dollars": "0.7800", "price": 0.22, "taker_side": "no", "ticker": "KXINX-26MAR05H1600-B6812", "trade_id": "f9965bbf-9b06-6c39-f1b7-a6525cbd0be9", "yes_price": 22, "yes_price_dollars": "0.2200"}
{"count": 5, "count_fp": "5.00", "created_time": "2026-03-05T19:53:15.122399Z", "no_price": 77, "no_price_dollars": "0.7700", "price": 0.23, "taker_side": "no", "ticker": "KXINX-26MAR05H1600-B6812", "trade_id": "ef5741ae-537f-675e-b12a-bbb85920f844", "yes_price": 23, "yes_price_dollars": "0.2300"}
{"count": 3, "count_fp": "3.00", "created_time": "2026-03-05T19:53:15.122399Z", "no_price": 79, "no_price_dollars": "0.7900", "price": 0.21, "taker_side": "no", "ticker": "KXINX-26MAR05H1600-B6812", "trade_id": "8cf36fba-7309-6a00-8764-b257a94a5d16", "yes_price": 21, "yes_price_dollars": "0.2100"}
{"count": 5, "count_fp": "5.00", "created_time": "2026-03-05T19:52:34.157816Z", "no_price": 77, "no_price_dollars": "0.7700", "price": 0.23, "taker_side": "no", "ticker": "KXINX-26MAR05H1600-B6812", "trade_id": "78a4b484-2efd-496b-caf5-99bc7df9e9f2", "yes_price": 23, "yes_price_dollars": "0.2300"}
{"count": 5, "count_fp": "5.00", "created_time": "2026-03-05T19:52:05.803891Z", "no_price": 68, "no_price_dollars": "0.6800", "price": 0.32, "taker_side": "no", "ticker": "KXINX-26MAR05H1600-B6812", "trade_id": "58c6ee02-b1ca-6779-05ee-0aa1ab3e38eb", "yes_price": 32, "yes_price_dollars": "0.3200"}
{"count": 60, "count_fp": "60.00", "created_time": "2026-03-05T19:51:50.365426Z", "no_price": 75, "no_price_dollars": "0.7500", "price": 0.25, "taker_side": "no", "ticker": "KXINX-26MAR05H1600-B6812", "trade_id": "b47b0921-51f4-6d8a-19a3-f64697561cbe", "yes_price": 25, "yes_price_dollars": "0.2500"}
{"count": 6, "count_fp": "6.00", "created_time": "2026-03-05T19:51:49.451176Z", "no_price": 74, "no_price_dollars": "0.7400", "price": 0.26, "taker_side": "no", "ticker": "KXINX-26MAR05H1600-B6812", "trade_id": "e6351921-60c8-65aa-48b4-aea176f003cc", "yes_price": 26, "yes_price_dollars": "0.2600"}
{"count": 5, "count_fp": "5.00", "created_time": "2026-03-05T19:51:45.805015Z", "no_price": 62, "no_price_dollars": "0.6200", "price": 0.38, "taker_side": "no", "ticker": "KXINX-26MAR05H1600-B6812", "trade_id": "5619f97c-d847-7e8d-f160-e3536da2d74e", "yes_price": 38, "yes_price_dollars": "0.3800"}
{"count": 5, "count_fp": "5.00", "created_time": "2026-03-05T19:51:25.760445Z", "no_price": 62, "no_price_dollars": "0.6200", "price": 0.38, "taker_side": "no", "ticker": "KXINX-26MAR05H1600-B6812", "trade_id": "d60afbf9-6b07-7081-ebf8-290ff4e3471e", "yes_price": 38, "yes_price_dollars": "0.3800"}
{"count": 5, "count_fp": "5.00", "created_time": "2026-03-05T19:51:05.730315Z", "no_price": 48, "no_price_dollars": "0.4800", "price": 0.52, "taker_side": "no", "ticker": "KXINX-26MAR05H1600-B6812", "trade_id": "f99a2d17-763a-5712-a77f-e7ec1be6b87f", "yes_price": 52, "yes_price_dollars": "0.5200"}
{"count": 4, "count_fp": "4.00", "created_time": "2026-03-05T19:49:34.384808Z", "no_price": 77, "no_price_dollars": "0.7700", "price": 0.23, "taker_side": "yes", "ticker": "KXINX-26MAR05H1600-B6812", "trade_id": "8dd86f35-7a40-4d5a-8b86-214a57e729a2", "yes_price": 23, "yes_price_dollars": "0.2300"}
{"count": 25, "count_fp": "25.00", "created_time": "2026-03-05T19:43:07.491394Z", "no_price": 81, "no_price_dollars": "0.8100", "price": 0.19, "taker_side": "yes", "ticker": "KXINX-26MAR05H1600-B6812", "trade_id": "6e6d6842-b210-6aca-c29d-ac5ffc4e3ba2", "yes_price": 19, "yes_price_dollars": "0.1900"}
{"count": 3, "count_fp": "3.00", "created_time": "2026-03-05T19:29:53.998196Z", "no_price": 84, "no_price_dollars": "0.8400", "price": 0.16, "taker_side": "yes", "ticker": "KXINX-26MAR05H1600-B6812", "trade_id": "4ed93257-12ca-4a1f-d541-9ab9307f32c4", "yes_price": 16, "yes_price_dollars": "0.1600"}
{"count": 4, "count_fp": "4.00", "created_time": "2026-03-05T19:28:25.107142Z", "no_price": 84, "no_price_dollars": "0.8400", "price": 0.16, "taker_side": "yes", "ticker": "KXINX-26MAR05H1600-B6812", "trade_id": "b8055a11-6f3a-7463-ce4f-214306a427b4", "yes_price": 16, "yes_price_dollars": "0.1600"}
{"count": 60, "count_fp": "60.00", "created_time": "2026-03-05T19:25:46.111037Z", "no_price": 80, "no_price_dollars": "0.8000", "price": 0.2, "taker_side": "no", "ticker": "KXINX-26MAR05H1600-B6812", "trade_id": "5391b703-7c90-5660-0209-5619eeaede44", "yes_price": 20, "yes_price_dollars": "0.2000"}
{"count": 7, "count_fp": "7.00", "created_time": "2026-03-05T19:25:45.779807Z", "no_price": 79, "no_price_dollars": "0.7900", "price": 0.21, "taker_side": "yes", "ticker": "KXINX-26MAR05H1600-B6812", "trade_id": "82720aa2-a331-5802-259c-0f292691ba1d", "yes_price": 21, "yes_price_dollars": "0.2100"}
{"count": 143, "count_fp": "143.00", "created_time": "2026-03-05T19:25:45.779807Z", "no_price": 79, "no_price_dollars": "0.7900", "price": 0.21, "taker_side": "yes", "ticker": "KXINX-26MAR05H1600-B6812", "trade_id": "6c70be29-53ea-5016-11db-5c5931fb1cde", "yes_price": 21, "yes_price_dollars": "0.2100"}
{"count": 61, "count_fp": "61.00", "created_time": "2026-03-05T19:25:45.779807Z", "no_price": 79, "no_price_dollars": "0.7900", "price": 0.21, "taker_side": "yes", "ticker": "KXINX-26MAR05H1600-B6812", "trade_id": "50c21ae7-5384-5ad7-35d8-0acde69597d3", "yes_price": 21, "yes_price_dollars": "0.2100"}
{"count": 14, "count_fp": "14.00", "created_time": "2026-03-05T19:23:00.687119Z", "no_price": 79, "no_price_dollars": "0.7900", "price": 0.21, "taker_side": "no", "ticker": "KXINX-26MAR05H1600-B6812", "trade_id": "b0fa1dc0-3836-4d9c-6c9d-ea918494ec10", "yes_price": 21, "yes_price_dollars": "0.2100"}
{"count": 68, "count_fp": "68.00", "created_time": "2026-03-05T19:22:57.184171Z", "no_price": 76, "no_price_dollars": "0.7600", "price": 0.24, "taker_side": "yes", "ticker": "KXINX-26MAR05H1600-B6812", "trade_id": "16da5136-20f2-7e86-aaaa-705dfe9ea69a", "yes_price": 24, "yes_price_dollars": "0.2400"}
{"count": 31, "count_fp": "31.00", "created_time": "2026-03-05T19:22:26.968837Z", "no_price": 75, "no_price_dollars": "0.7500", "price": 0.25, "taker_side": "yes", "ticker": "KXINX-26MAR05H1600-B6812", "trade_id": "056cf052-40cc-4256-3017-41113bd515f2", "yes_price": 25, "yes_price_dollars": "0.2500"}
{"count": 59, "count_fp": "59.00", "created_time": "2026-03-05T19:21:42.481043Z", "no_price": 76, "no_price_dollars": "0.7600", "price": 0.24, "taker_side": "no", "ticker": "KXINX-26MAR05H1600-B6812", "trade_id": "97437bac-91c3-5450-2022-f53cd136564d", "yes_price": 24, "yes_price_dollars": "0.2400"}
{"count": 361, "count_fp": "361.00", "created_time": "2026-03-05T19:21:07.670386Z", "no_price": 75, "no_price_dollars": "0.7500", "price": 0.25, "taker_side": "yes", "ticker": "KXINX-26MAR05H1600-B6812", "trade_id": "bff4b938-6a02-433a-b231-c984734fff06", "yes_price": 25, "yes_price_dollars": "0.2500"}
{"count": 49, "count_fp": "49.00", "created_time": "2026-03-05T19:20:03.490725Z", "no_price": 77, "no_price_dollars": "0.7700", "price": 0.23, "taker_side": "yes", "ticker": "KXINX-26MAR05H1600-B6812", "trade_id": "e1ed977b-d23a-5d19-4640-466d391d85cd", "yes_price": 23, "yes_price_dollars": "0.2300"}
{"count": 11, "count_fp": "11.00", "created_time": "2026-03-05T19:13:25.155037Z", "no_price": 21, "no_price_dollars": "0.2100", "price": 0.79, "taker_side": "yes", "ticker": "KXINX-26MAR05H1600-B6812", "trade_id": "a8c56234-ed66-4d39-1bf5-9b67ebc23b1d", "yes_price": 79, "yes_price_dollars": "0.7900"}
{"count": 1, "count_fp": "1.00", "created_time": "2026-03-05T19:12:13.478304Z", "no_price": 90, "no_price_dollars": "0.9000", "price": 0.1, "taker_side": "no", "ticker": "KXINX-26MAR05H1600-B6812", "trade_id": "393af528-1f1b-6fe4-99fc-dac0685f4549", "yes_price": 10, "yes_price_dollars": "0.1000"}
{"count": 50, "count_fp": "50.00", "created_time": "2026-03-05T19:11:47.04295Z", "no_price": 76, "no_price_dollars": "0.7600", "price": 0.24, "taker_side": "yes", "ticker": "KXINX-26MAR05H1600-B6812", "trade_id": "f025f5aa-2629-6a43-4694-287c2c4e3eb2", "yes_price": 24, "yes_price_dollars": "0.2400"}
{"count": 125, "count_fp": "125.00", "created_time": "2026-03-05T19:11:47.04295Z", "no_price": 58, "no_price_dollars": "0.5800", "price": 0.42, "taker_side": "yes", "ticker": "KXINX-26MAR05H1600-B6812", "trade_id": "d36afd51-2039-644c-72b9-5d3f1f07adca", "yes_price": 42, "yes_price_dollars": "0.4200"}
{"count": 17, "count_fp": "17.00", "created_time": "2026-03-05T19:11:47.04295Z", "no_price": 21, "no_price_dollars": "0.2100", "price": 0.79, "taker_side": "yes", "ticker": "KXINX-26MAR05H1600-B6812", "trade_id": "b9a49e92-31df-65ad-4c27-777983eeeb99", "yes_price": 79, "yes_price_dollars": "0.7900"}
{"count": 12, "count_fp": "12.00", "created_time": "2026-03-05T19:11:47.04295Z", "no_price": 55, "no_price_dollars": "0.5500", "price": 0.45, "taker_side": "yes", "ticker": "KXINX-26MAR05H1600-B6812", "trade_id": "b86a1448-df66-644c-5441-06ddb6952f7c", "yes_price": 45, "yes_price_dollars": "0.4500"}
{"count": 12, "count_fp": "12.00", "created_time": "2026-03-05T19:11:47.04295Z", "no_price": 69, "no_price_dollars": "0.6900", "price": 0.31, "taker_side": "yes", "ticker": "KXINX-26MAR05H1600-B6812", "trade_id": "7d6b9546-172c-68a8-6828-86212107b448", "yes_price": 31, "yes_price_dollars": "0.3100"}
{"count": 12, "count_fp": "12.00", "created_time": "2026-03-05T19:11:47.04295Z", "no_price": 47, "no_price_dollars": "0.4700", "price": 0.53, "taker_side": "yes", "ticker": "KXINX-26MAR05H1600-B6812", "trade_id": "2ee378ca-7c44-63ad-64b4-9f139d5a9d86", "yes_price": 53, "yes_price_dollars": "0.5300"}
{"count": 12, "count_fp": "12.00", "created_time": "2026-03-05T19:11:47.04295Z", "no_price": 63, "no_price_dollars": "0.6300", "price": 0.37, "taker_side": "yes", "ticker": "KXINX-26MAR05H1600-B6812", "trade_id": "20c56a76-2c25-650e-7384-cd7706658259", "yes_price": 37, "yes_price_dollars": "0.3700"}
{"count": 60, "count_fp": "60.00", "created_time": "2026-03-05T18:51:42.382426Z", "no_price": 82, "no_price_dollars": "0.8200", "price": 0.18, "taker_side": "no", "ticker": "KXINX-26MAR05H1600-B6812", "trade_id": "3e162233-bd47-6695-0597-c49cac4c1efa", "yes_price": 18, "yes_price_dollars": "0.1800"}
{"count": 60, "count_fp": "60.00", "created_time": "2026-03-05T18:48:28.489956Z", "no_price": 77, "no_price_dollars": "0.7700", "price": 0.23, "taker_side": "no", "ticker": "KXINX-26MAR05H1600-B6812", "trade_id": "af89cfea-31db-6add-2789-aad316860957", "yes_price": 23, "yes_price_dollars": "0.2300"}
{"count": 60, "count_fp": "60.00", "created_time": "2026-03-05T18:46:07.551137Z", "no_price": 78, "no_price_dollars": "0.7800", "price": 0.22, "taker_side": "no", "ticker": "KXINX-26MAR05H1600-B6812", "trade_id": "f14fdd43-7976-658d-0d84-30bd1faab8be", "yes_price": 22, "yes_price_dollars": "0.2200"}
{"count": 49, "count_fp": "49.00", "created_time": "2026-03-05T18:45:26.819447Z", "no_price": 74, "no_price_dollars": "0.7400", "price": 0.26, "taker_side": "no", "ticker": "KXINX-26MAR05H1600-B6812", "trade_id": "adfaddb5-e4f5-6e0d-0b9c-07c79996bd67", "yes_price": 26, "yes_price_dollars": "0.2600"}
{"count": 1, "count_fp": "1.00", "created_time": "2026-03-05T18:44:30.981591Z", "no_price": 74, "no_price_dollars": "0.7400", "price": 0.26, "taker_side": "yes", "ticker": "KXINX-26MAR05H1600-B6812", "trade_id": "11307537-e4ab-664b-87be-416f37535a21", "yes_price": 26, "yes_price_dollars": "0.2600"}
{"count": 11, "count_fp": "11.00", "created_time": "2026-03-05T18:43:45.041779Z", "no_price": 76, "no_price_dollars": "0.7600", "price": 0.24, "taker_side": "no", "ticker": "KXINX-26MAR05H1600-B6812", "trade_id": "aa25003a-d821-763d-4b4d-ee2a77a570c7", "yes_price": 24, "yes_price_dollars": "0.2400"}
{"count": 10, "count_fp": "10.00", "created_time": "2026-03-05T18:34:15.988039Z", "no_price": 80, "no_price_dollars": "0.8000", "price": 0.2, "taker_side": "yes", "ticker": "KXINX-26MAR05H1600-B6812", "trade_id": "2153c6ce-a8a5-67b3-cf9d-f0a218a80b8e", "yes_price": 20, "yes_price_dollars": "0.2000"}
{"count": 60, "count_fp": "60.00", "created_time": "2026-03-05T18:30:39.474339Z", "no_price": 81, "no_price_dollars": "0.8100", "price": 0.19, "taker_side": "yes", "ticker": "KXINX-26MAR05H1600-B6812", "trade_id": "3ab8bf44-4f0d-47c3-83de-fd06db8294d7", "yes_price": 19, "yes_price_dollars": "0.1900"}
{"count": 60, "count_fp": "60.00", "created_time": "2026-03-05T18:18:43.103918Z", "no_price": 76, "no_price_dollars": "0.7600", "price": 0.24, "taker_side": "no", "ticker": "KXINX-26MAR05H1600-B6812", "trade_id": "78e8d3ec-0d14-6d00-88c1-18fd2da0ad4e", "yes_price": 24, "yes_price_dollars": "0.2400"}
{"count": 15, "count_fp": "15.00", "created_time": "2026-03-05T18:17:06.481685Z", "no_price": 74, "no_price_dollars": "0.7400", "price": 0.26, "taker_side": "no", "ticker": "KXINX-26MAR05H1600-B6812", "trade_id": "a9ef13dc-d475-66bf-a245-31d1403d93d6", "yes_price": 26, "yes_price_dollars": "0.2600"}
{"count": 20, "count_fp": "20.00", "created_time": "2026-03-05T18:16:41.039302Z", "no_price": 73, "no_price_dollars": "0.7300", "price": 0.27, "taker_side": "yes", "ticker": "KXINX-26MAR05H1600-B6812", "trade_id": "2a977dd7-bc92-4abc-e36d-f52f5aa4b70f", "yes_price": 27, "yes_price_dollars": "0.2700"}
{"count": 60, "count_fp": "60.00", "created_time": "2026-03-05T18:16:41.039302Z", "no_price": 73, "no_price_dollars": "0.7300", "price": 0.27, "taker_side": "yes", "ticker": "KXINX-26MAR05H1600-B6812", "trade_id": "207213e1-b737-4838-f2ae-b20d21fdcf41", "yes_price": 27, "yes_price_dollars": "0.2700"}
{"count": 60, "count_fp": "60.00", "created_time": "2026-03-05T18:14:13.559105Z", "no_price": 74, "no_price_dollars": "0.7400", "price": 0.26, "taker_side": "yes", "ticker": "KXINX-26MAR05H1600-B6812", "trade_id": "1b5ff6cb-c8ca-4185-d504-1af85734e3a2", "yes_price": 26, "yes_price_dollars": "0.2600"}
{"count": 60, "count_fp": "60.00", "created_time": "2026-03-05T18:08:03.14468Z", "no_price": 77, "no_price_dollars": "0.7700", "price": 0.23, "taker_side": "yes", "ticker": "KXINX-26MAR05H1600-B6812", "trade_id": "0eb44d62-2eca-4912-da72-40314398363f", "yes_price": 23, "yes_price_dollars": "0.2300"}
{"count": 2, "count_fp": "2.00", "created_time": "2026-03-05T18:05:37.753157Z", "no_price": 81, "no_price_dollars": "0.8100", "price": 0.19, "taker_side": "yes", "ticker": "KXINX-26MAR05H1600-B6812", "trade_id": "af8af911-fcf0-4a0d-f51d-f66df5a1aee7", "yes_price": 19, "yes_price_dollars": "0.1900"}
{"count": 60, "count_fp": "60.00", "created_time": "2026-03-05T17:49:36.34477Z", "no_price": 82, "no_price_dollars": "0.8200", "price": 0.18, "taker_side": "no", "ticker": "KXINX-26MAR05H1600-B6812", "trade_id": "ed867516-5db1-6a4e-e708-308918f7940e", "yes_price": 18, "yes_price_dollars": "0.1800"}
{"count": 8, "count_fp": "8.00", "created_time": "2026-03-05T17:37:41.041404Z", "no_price": 78, "no_price_dollars": "0.7800", "price": 0.22, "taker_side": "yes", "ticker": "KXINX-26MAR05H1600-B6812", "trade_id": "cf670cb8-f253-555f-b9e7-f8479b2620ff", "yes_price": 22, "yes_price_dollars": "0.2200"}
{"count": 10, "count_fp": "10.00", "created_time": "2026-03-05T17:27:47.241705Z", "no_price": 73, "no_price_dollars": "0.7300", "price": 0.27, "taker_side": "yes", "ticker": "KXINX-26MAR05H1600-B6812", "trade_id": "bacee405-fb98-5cdd-8417-38d2e58c31a8", "yes_price": 27, "yes_price_dollars": "0.2700"}
{"count": 10, "count_fp": "10.00", "created_time": "2026-03-05T17:23:24.594399Z", "no_price": 73, "no_price_dollars": "0.7300", "price": 0.27, "taker_side": "yes", "ticker": "KXINX-26MAR05H1600-B6812", "trade_id": "c30f161d-e788-5545-4132-3115f9918640", "yes_price": 27, "yes_price_dollars": "0.2700"}
{"count": 34, "count_fp": "34.00", "created_time": "2026-03-05T17:16:57.691368Z", "no_price": 72, "no_price_dollars": "0.7200", "price": 0.28, "taker_side": "yes", "ticker": "KXINX-26MAR05H1600-B6812", "trade_id": "2dc36bc2-cbca-6093-06cb-5e5e4be59d0a", "yes_price": 28, "yes_price_dollars": "0.2800"}
{"count": 60, "count_fp": "60.00", "created_time": "2026-03-05T17:07:07.817554Z", "no_price": 79, "no_price_dollars": "0.7900", "price": 0.21, "taker_side": "yes", "ticker": "KXINX-26MAR05H1600-B6812", "trade_id": "360b87db-27bd-7dee-b523-5426acae21e6", "yes_price": 21, "yes_price_dollars": "0.2100"}
{"count": 16, "count_fp": "16.00", "created_time": "2026-03-05T17:05:06.465811Z", "no_price": 79, "no_price_dollars": "0.7900", "price": 0.21, "taker_side": "no", "ticker": "KXINX-26MAR05H1600-B6812", "trade_id": "13581ef5-9cbd-5397-9b3f-456382a6c406", "yes_price": 21, "yes_price_dollars": "0.2100"}
{"count": 2, "count_fp": "2.00", "created_time": "2026-03-05T16:24:53.628079Z", "no_price": 79, "no_price_dollars": "0.7900", "price": 0.21, "taker_side": "no", "ticker": "KXINX-26MAR05H1600-B6812", "trade_id": "5adf3dc9-4d7d-6233-23d3-fc2b4a0cd17e", "yes_price": 21, "yes_price_dollars": "0.2100"}
{"count": 10, "count_fp": "10.00", "created_time": "2026-03-05T16:22:33.11549Z", "no_price": 77, "no_price_dollars": "0.7700", "price": 0.23, "taker_side": "yes", "ticker": "KXINX-26MAR05H1600-B6812", "trade_id": "bfb52284-4974-47a3-a355-628d13ebf404", "yes_price": 23, "yes_price_dollars": "0.2300"}
{"count": 42, "count_fp": "42.00", "created_time": "2026-03-05T16:13:30.622883Z", "no_price": 80, "no_price_dollars": "0.8000", "price": 0.2, "taker_side": "no", "ticker": "KXINX-26MAR05H1600-B6812", "trade_id": "6732aa70-d1a5-6473-0273-56dd187b78ba", "yes_price": 20, "yes_price_dollars": "0.2000"}
{"count": 42, "count_fp": "42.00", "created_time": "2026-03-05T16:04:32.212465Z", "no_price": 78, "no_price_dollars": "0.7800", "price": 0.22, "taker_side": "yes", "ticker": "KXINX-26MAR05H1600-B6812", "trade_id": "d17f1c75-3d0a-6be1-0b30-7736ee5d79bd", "yes_price": 22, "yes_price_dollars": "0.2200"}
{"count": 10, "count_fp": "10.00", "created_time": "2026-03-05T16:04:15.808385Z", "no_price": 81, "no_price_dollars": "0.8100", "price": 0.19, "taker_side": "yes", "ticker": "KXINX-26MAR05H1600-B6812", "trade_id": "5c083f97-b62a-7211-008a-1de53bd3253e", "yes_price": 19, "yes_price_dollars": "0.1900"}
{"count": 1, "count_fp": "1.00", "created_time": "2026-03-05T15:56:31.357486Z", "no_price": 82, "no_price_dollars": "0.8200", "price": 0.18, "taker_side": "no", "ticker": "KXINX-26MAR05H1600-B6812", "trade_id": "4127f544-b698-6498-8dc5-f59e093787e7", "yes_price": 18, "yes_price_dollars": "0.1800"}
{"count": 10, "count_fp": "10.00", "created_time": "2026-03-05T15:55:24.849165Z", "no_price": 84, "no_price_dollars": "0.8400", "price": 0.16, "taker_side": "no", "ticker": "KXINX-26MAR05H1600-B6812", "trade_id": "cb04fae4-d4e0-4d88-6b1b-95bc4df1cc2f", "yes_price": 16, "yes_price_dollars": "0.1600"}
{"count": 4, "count_fp": "4.00", "created_time": "2026-03-05T15:54:48.927103Z", "no_price": 87, "no_price_dollars": "0.8700", "price": 0.13, "taker_side": "yes", "ticker": "KXINX-26MAR05H1600-B6812", "trade_id": "8c33c10c-b5a1-615f-1daa-1cd23ef79064", "yes_price": 13, "yes_price_dollars": "0.1300"}
{"count": 1, "count_fp": "1.00", "created_time": "2026-03-05T15:54:48.89812Z", "no_price": 84, "no_price_dollars": "0.8400", "price": 0.16, "taker_side": "no", "ticker": "KXINX-26MAR05H1600-B6812", "trade_id": "e22f2420-051c-6723-ecdf-50326c7cafe2", "yes_price": 16, "yes_price_dollars": "0.1600"}
{"count": 5, "count_fp": "5.00", "created_time": "2026-03-05T15:33:01.896362Z", "no_price": 81, "no_price_dollars": "0.8100", "price": 0.19, "taker_side": "no", "ticker": "KXINX-26MAR05H1600-B6812", "trade_id": "878494b3-6a54-6bc4-219c-727d8d104016", "yes_price": 19, "yes_price_dollars": "0.1900"}
{"count": 10, "count_fp": "10.00", "created_time": "2026-03-05T15:30:47.073459Z", "no_price": 78, "no_price_dollars": "0.7800", "price": 0.22, "taker_side": "yes", "ticker": "KXINX-26MAR05H1600-B6812", "trade_id": "e1a06746-1232-5965-9388-9ff44d04c405", "yes_price": 22, "yes_price_dollars": "0.2200"}
{"count": 60, "count_fp": "60.00", "created_time": "2026-03-05T15:01:20.851461Z", "no_price": 90, "no_price_dollars": "0.9000", "price": 0.1, "taker_side": "yes", "ticker": "KXINX-26MAR05H1600-B6812", "trade_id": "445a23cf-453a-70fe-c22f-7e7d61b9df98", "yes_price": 10, "yes_price_dollars": "0.1000"}
{"count": 100, "count_fp": "100.00", "created_time": "2026-03-05T15:00:30.99726Z", "no_price": 89, "no_price_dollars": "0.8900", "price": 0.11, "taker_side": "yes", "ticker": "KXINX-26MAR05H1600-B6812", "trade_id": "d7ce647a-08a3-65c4-c466-73cf96557490", "yes_price": 11, "yes_price_dollars": "0.1100"}
{"count": 50, "count_fp": "50.00", "created_time": "2026-03-05T14:57:20.840932Z", "no_price": 86, "no_price_dollars": "0.8600", "price": 0.14, "taker_side": "no", "ticker": "KXINX-26MAR05H1600-B6812", "trade_id": "282f14fa-c072-471b-1b18-bb28b58cff58", "yes_price": 14, "yes_price_dollars": "0.1400"}
{"count": 29, "count_fp": "29.00", "created_time": "2026-03-05T20:45:00.953118Z", "no_price": 85, "no_price_dollars": "0.8500", "price": 0.15, "taker_side": "no", "ticker": "KXINX-26MAR05H1600-B6787", "trade_id": "4a9268af-8d13-7940-ebfa-b463a2c96fe8", "yes_price": 15, "yes_price_dollars": "0.1500"}
{"count": 12, "count_fp": "12.00", "created_time": "2026-03-05T20:45:00.233263Z", "no_price": 84, "no_price_dollars": "0.8400", "price": 0.16, "taker_side": "no", "ticker": "KXINX-26MAR05H1600-B6787", "trade_id": "dc65c0d8-df0b-4456-6dce-caec098c50ec", "yes_price": 16, "yes_price_dollars": "0.1600"}
{"count": 60, "count_fp": "60.00", "created_time": "2026-03-05T20:39:37.457588Z", "no_price": 85, "no_price_dollars": "0.8500", "price": 0.15, "taker_side": "yes", "ticker": "KXINX-26MAR05H1600-B6787", "trade_id": "f775a70d-c96f-5d10-baa5-744c9ecda3cc", "yes_price": 15, "yes_price_dollars": "0.1500"}
{"count": 2, "count_fp": "2.00", "created_time": "2026-03-05T20:39:37.457588Z", "no_price": 85, "no_price_dollars": "0.8500", "price": 0.15, "taker_side": "yes", "ticker": "KXINX-26MAR05H1600-B6787", "trade_id": "af43df9a-83db-5d3c-b3ae-884ce5e41abf", "yes_price": 15, "yes_price_dollars": "0.1500"}
{"count": 17, "count_fp": "17.00", "created_time": "2026-03-05T20:38:09.508831Z", "no_price": 85, "no_price_dollars": "0.8500", "price": 0.15, "taker_side": "no", "ticker": "KXINX-26MAR05H1600-B6787", "trade_id": "892f24e3-aaa9-59f8-2d13-522c3e2e584a", "yes_price": 15, "yes_price_dollars": "0.1500"}
{"count": 5, "count_fp": "5.00", "created_time": "2026-03-05T20:38:07.868907Z", "no_price": 85, "no_price_dollars": "0.8500", "price": 0.15, "taker_side": "no", "ticker": "KXINX-26MAR05H1600-B6787", "trade_id": "fac87e80-37a1-771c-1bae-15247d5984aa", "yes_price": 15, "yes_price_dollars": "0.1500"}
{"count": 1, "count_fp": "1.00", "created_time": "2026-03-05T20:38:01.344079Z", "no_price": 84, "no_price_dollars": "0.8400", "price": 0.16, "taker_side": "no", "ticker": "KXINX-26MAR05H1600-B6787", "trade_id": "fe3664a4-431e-6d5a-1978-bd789ffc0661", "yes_price": 16, "yes_price_dollars": "0.1600"}
{"count": 7, "count_fp": "7.00", "created_time": "2026-03-05T20:37:49.51689Z", "no_price": 85, "no_price_dollars": "0.8500", "price": 0.15, "taker_side": "no", "ticker": "KXINX-26MAR05H1600-B6787", "trade_id": "52e53443-d65d-4484-2945-f0a83c5e5082", "yes_price": 15, "yes_price_dollars": "0.1500"}
{"count": 2, "count_fp": "2.00", "created_time": "2026-03-05T20:37:48.294085Z", "no_price": 84, "no_price_dollars": "0.8400", "price": 0.16, "taker_side": "no", "ticker": "KXINX-26MAR05H1600-B6787", "trade_id": "029e747e-e922-627e-20bc-b43eec0906dd", "yes_price": 16, "yes_price_dollars": "0.1600"}
{"count": 55, "count_fp": "55.00", "created_time": "2026-03-05T20:29:05.8701Z", "no_price": 78, "no_price_dollars": "0.7800", "price": 0.22, "taker_side": "yes", "ticker": "KXINX-26MAR05H1600-B6787", "trade_id": "e6d4d999-8cab-5c58-ed5a-8c8d168a384f", "yes_price": 22, "yes_price_dollars": "0.2200"}
{"count": 2, "count_fp": "2.00", "created_time": "2026-03-05T20:29:01.762004Z", "no_price": 80, "no_price_dollars": "0.8000", "price": 0.2, "taker_side": "yes", "ticker": "KXINX-26MAR05H1600-B6787", "trade_id": "e6bd292a-0292-72b7-de0d-2adebd72b1ab", "yes_price": 20, "yes_price_dollars": "0.2000"}
{"count": 3, "count_fp": "3.00", "created_time": "2026-03-05T20:29:01.762004Z", "no_price": 80, "no_price_dollars": "0.8000", "price": 0.2, "taker_side": "yes", "ticker": "KXINX-26MAR05H1600-B6787", "trade_id": "c24b8906-a4e9-7298-d664-6d1f4cc0e7ef", "yes_price": 20, "yes_price_dollars": "0.2000"}
{"count": 29, "count_fp": "29.00", "created_time": "2026-03-05T20:27:40.321475Z", "no_price": 92, "no_price_dollars": "0.9200", "price": 0.08, "taker_side": "no", "ticker": "KXINX-26MAR05H1600-B6787", "trade_id": "2d8ebf5a-44d1-4c5d-3738-aa9e9fa8590d", "yes_price": 8, "yes_price_dollars": "0.0800"}
{"count": 10, "count_fp": "10.00", "created_time": "2026-03-05T20:23:31.114826Z", "no_price": 76, "no_price_dollars": "0.7600", "price": 0.24, "taker_side": "no", "ticker": "KXINX-26MAR05H1600-B6787", "trade_id": "f3220a96-19fd-4fae-e11e-cee6245cb1df", "yes_price": 24, "yes_price_dollars": "0.2400"}
{"count": 19, "count_fp": "19.00", "created_time": "2026-03-05T20:23:31.114826Z", "no_price": 76, "no_price_dollars": "0.7600", "price": 0.24, "taker_side": "no", "ticker": "KXINX-26MAR05H1600-B6787", "trade_id": "627a8f68-778d-49db-e0ac-610457817e2b", "yes_price": 24, "yes_price_dollars": "0.2400"}
{"count": 10, "count_fp": "10.00", "created_time": "2026-03-05T20:23:31.114826Z", "no_price": 76, "no_price_dollars": "0.7600", "price": 0.24, "taker_side": "no", "ticker": "KXINX-26MAR05H1600-B6787", "trade_id": "3d55545b-03bf-4f7f-ff7d-389f637c6cec", "yes_price": 24, "yes_price_dollars": "0.2400"}
{"count": 5, "count_fp": "5.00", "created_time": "2026-03-05T20:19:24.485279Z", "no_price": 65, "no_price_dollars": "0.6500", "price": 0.35, "taker_side": "yes", "ticker": "KXINX-26MAR05H1600-B6787", "trade_id": "60f95363-64bf-785c-84ad-5d46b2339087", "yes_price": 35, "yes_price_dollars": "0.3500"}
{"count": 4, "count_fp": "4.00", "created_time": "2026-03-05T20:19:21.786153Z", "no_price": 74, "no_price_dollars": "0.7400", "price": 0.26, "taker_side": "no", "ticker": "KXINX-26MAR05H1600-B6787", "trade_id": "775a78b3-259d-707b-eb8c-0d5296a2f947", "yes_price": 26, "yes_price_dollars": "0.2600"}
{"count": 4, "count_fp": "4.00", "created_time": "2026-03-05T20:19:00.028803Z", "no_price": 66, "no_price_dollars": "0.6600", "price": 0.34, "taker_side": "no", "ticker": "KXINX-26MAR05H1600-B6787", "trade_id": "8e42d968-684d-7a73-5382-9a35be12d030", "yes_price": 34, "yes_price_dollars": "0.3400"}
{"count": 1, "count_fp": "1.00", "created_time": "2026-03-05T20:18:58.809507Z", "no_price": 66, "no_price_dollars": "0.6600", "price": 0.34, "taker_side": "no", "ticker": "KXINX-26MAR05H1600-B6787", "trade_id": "37ab964b-dd29-5ca3-2af9-658303185cbc", "yes_price": 34, "yes_price_dollars": "0.3400"}
{"count": 5, "count_fp": "5.00", "created_time": "2026-03-05T20:18:23.662228Z", "no_price": 62, "no_price_dollars": "0.6200", "price": 0.38, "taker_side": "no", "ticker": "KXINX-26MAR05H1600-B6787", "trade_id": "24765388-1910-7a5f-1c35-fbfb13decc6a", "yes_price": 38, "yes_price_dollars": "0.3800"}
{"count": 5, "count_fp": "5.00", "created_time": "2026-03-05T20:16:36.917012Z", "no_price": 61, "no_price_dollars": "0.6100", "price": 0.39, "taker_side": "yes", "ticker": "KXINX-26MAR05H1600-B6787", "trade_id": "4370f966-513e-61ab-9134-1db3775cdecb", "yes_price": 39, "yes_price_dollars": "0.3900"}
{"count": 5, "count_fp": "5.00", "created_time": "2026-03-05T20:16:16.862687Z", "no_price": 61, "no_price_dollars": "0.6100", "price": 0.39, "taker_side": "yes", "ticker": "KXINX-26MAR05H1600-B6787", "trade_id": "48e80674-f1fc-6908-13d2-e5b31c5161d1", "yes_price": 39, "yes_price_dollars": "0.3900"}
{"count": 5, "count_fp": "5.00", "created_time": "2026-03-05T20:16:13.980421Z", "no_price": 62, "no_price_dollars": "0.6200", "price": 0.38, "taker_side": "yes", "ticker": "KXINX-26MAR05H1600-B6787", "trade_id": "8e8eabe9-71a3-41be-8f10-abc33682c6a6", "yes_price": 38, "yes_price_dollars": "0.3800"}
{"count": 60, "count_fp": "60.00", "created_time": "2026-03-05T20:16:13.980421Z", "no_price": 61, "no_price_dollars": "0.6100", "price": 0.39, "taker_side": "yes", "ticker": "KXINX-26MAR05H1600-B6787", "trade_id": "3583b9c7-d9f4-4c7b-9fa4-2f92ab5cfbec", "yes_price": 39, "yes_price_dollars": "0.3900"}
{"count": 5, "count_fp": "5.00", "created_time": "2026-03-05T20:15:59.674294Z", "no_price": 64, "no_price_dollars": "0.6400", "price": 0.36, "taker_side": "yes", "ticker": "KXINX-26MAR05H1600-B6787", "trade_id": "8a7c44e0-f6ff-621a-f625-27a87e276f9b", "yes_price": 36, "yes_price_dollars": "0.3600"}
{"count": 9, "count_fp": "9.00", "created_time": "2026-03-05T20:15:38.036999Z", "no_price": 67, "no_price_dollars": "0.6700", "price": 0.33, "taker_side": "no", "ticker": "KXINX-26MAR05H1600-B6787", "trade_id": "ad1fa53f-4803-7269-7cf4-c4a0ce60aad1", "yes_price": 33, "yes_price_dollars": "0.3300"}
{"count": 37, "count_fp": "37.00", "created_time": "2026-03-05T20:15:38.036999Z", "no_price": 68, "no_price_dollars": "0.6800", "price": 0.32, "taker_side": "no", "ticker": "KXINX-26MAR05H1600-B6787", "trade_id": "4414e7a6-5099-70d3-7222-c3bf0dbc9e5b", "yes_price": 32, "yes_price_dollars": "0.3200"}
{"count": 5, "count_fp": "5.00", "created_time": "2026-03-05T20:15:38.036999Z", "no_price": 64, "no_price_dollars": "0.6400", "price": 0.36, "taker_side": "no", "ticker": "KXINX-26MAR05H1600-B6787", "trade_id": "0ffdc742-5b06-7b48-5924-5bbaf0486147", "yes_price": 36, "yes_price_dollars": "0.3600"}
{"count": 5, "count_fp": "5.00", "created_time": "2026-03-05T20:15:18.845471Z", "no_price": 63, "no_price_dollars": "0.6300", "price": 0.37, "taker_side": "no", "ticker": "KXINX-26MAR05H1600-B6787", "trade_id": "d403442b-131f-7806-9586-67eec88b4184", "yes_price": 37, "yes_price_dollars": "0.3700"}
{"count": 4, "count_fp": "4.00", "created_time": "2026-03-05T20:15:08.937319Z", "no_price": 61, "no_price_dollars": "0.6100", "price": 0.39, "taker_side": "no", "ticker": "KXINX-26MAR05H1600-B6787", "trade_id": "dae94446-a79b-4ec9-db98-cfe777b473fa", "yes_price": 39, "yes_price_dollars": "0.3900"}
{"count": 1, "count_fp": "1.00", "created_time": "2026-03-05T20:13:56.029802Z", "no_price": 61, "no_price_dollars": "0.6100", "price": 0.39, "taker_side": "no", "ticker": "KXINX-26MAR05H1600-B6787", "trade_id": "a0c5e9a4-3c23-7685-f4ed-8347ae063afe", "yes_price": 39, "yes_price_dollars": "0.3900"}
{"count": 5, "count_fp": "5.00", "created_time": "2026-03-05T20:13:28.074927Z", "no_price": 64, "no_price_dollars": "0.6400", "price": 0.36, "taker_side": "yes", "ticker": "KXINX-26MAR05H1600-B6787", "trade_id": "bbd12e36-5823-7843-28e3-53d81f48b803", "yes_price": 36, "yes_price_dollars": "0.3600"}
{"count": 60, "count_fp": "60.00", "created_time": "2026-03-05T20:13:05.134141Z", "no_price": 61, "no_price_dollars": "0.6100", "price": 0.39, "taker_side": "yes", "ticker": "KXINX-26MAR05H1600-B6787", "trade_id": "fd8e2429-dba7-4ecb-97f4-f4442f4a1fe9", "yes_price": 39, "yes_price_dollars": "0.3900"}
{"count": 45, "count_fp": "45.00", "created_time": "2026-03-05T20:10:37.713677Z", "no_price": 57, "no_price_dollars": "0.5700", "price": 0.43, "taker_side": "no", "ticker": "KXINX-26MAR05H1600-B6787", "trade_id": "904fb165-6e16-4a27-0a46-b303dea26f6e", "yes_price": 43, "yes_price_dollars": "0.4300"}
{"count": 5, "count_fp": "5.00", "created_time": "2026-03-05T20:05:41.598324Z", "no_price": 56, "no_price_dollars": "0.5600", "price": 0.44, "taker_side": "no", "ticker": "KXINX-26MAR05H1600-B6787", "trade_id": "354eabea-d448-5c8f-f9aa-1a7de8f68ae6", "yes_price": 44, "yes_price_dollars": "0.4400"}
{"count": 5, "count_fp": "5.00", "created_time": "2026-03-05T20:05:04.734765Z", "no_price": 56, "no_price_dollars": "0.5600", "price": 0.44, "taker_side": "no", "ticker": "KXINX-26MAR05H1600-B6787", "trade_id": "81273931-2d03-6414-8b08-8b8254fc8d1e", "yes_price": 44, "yes_price_dollars": "0.4400"}
{"count": 10, "count_fp": "10.00", "created_time": "2026-03-05T20:05:01.921335Z", "no_price": 57, "no_price_dollars": "0.5700", "price": 0.43, "taker_side": "no", "ticker": "KXINX-26MAR05H1600-B6787", "trade_id": "81fbe1e9-72b6-4d43-8371-53bc3a50bf36", "yes_price": 43, "yes_price_dollars": "0.4300"}
{"count": 5, "count_fp": "5.00", "created_time": "2026-03-05T20:04:47.932652Z", "no_price": 56, "no_price_dollars": "0.5600", "price": 0.44, "taker_side": "no", "ticker": "KXINX-26MAR05H1600-B6787", "trade_id": "2f424318-ecd6-5ef2-93d8-6411c4e3a4fc", "yes_price": 44, "yes_price_dollars": "0.4400"}
{"count": 5, "count_fp": "5.00", "created_time": "2026-03-05T20:04:37.369371Z", "no_price": 56, "no_price_dollars": "0.5600", "price": 0.44, "taker_side": "yes", "ticker": "KXINX-26MAR05H1600-B6787", "trade_id": "094bc7e6-ca1d-4362-a5a1-27c116620115", "yes_price": 44, "yes_price_dollars": "0.4400"}
{"count": 6, "count_fp": "6.00", "created_time": "2026-03-05T20:01:32.279982Z", "no_price": 55, "no_price_dollars": "0.5500", "price": 0.45, "taker_side": "yes", "ticker": "KXINX-26MAR05H1600-B6787", "trade_id": "1e4790a4-b773-54ec-3252-4b954f5e59d8", "yes_price": 45, "yes_price_dollars": "0.4500"}
{"count": 99, "count_fp": "99.00", "created_time": "2026-03-05T20:00:07.813012Z", "no_price": 57, "no_price_dollars": "0.5700", "price": 0.43, "taker_side": "yes", "ticker": "KXINX-26MAR05H1600-B6787", "trade_id": "0a054ae7-7fae-43aa-fa64-ff9638a455de", "yes_price": 43, "yes_price_dollars": "0.4300"}
{"count": 4, "count_fp": "4.00", "created_time": "2026-03-05T19:58:43.936365Z", "no_price": 57, "no_price_dollars": "0.5700", "price": 0.43, "taker_side": "yes", "ticker": "KXINX-26MAR05H1600-B6787", "trade_id": "16e6e756-5af2-552e-ad72-ca8258c694d6", "yes_price": 43, "yes_price_dollars": "0.4300"}
{"count": 5, "count_fp": "5.00", "created_time": "2026-03-05T19:51:05.728678Z", "no_price": 58, "no_price_dollars": "0.5800", "price": 0.42, "taker_side": "no", "ticker": "KXINX-26MAR05H1600-B6787", "trade_id": "dff1a09f-6586-7ceb-aad0-89fdb0250cba", "yes_price": 42, "yes_price_dollars": "0.4200"}
{"count": 22, "count_fp": "22.00", "created_time": "2026-03-05T19:50:50.366794Z", "no_price": 57, "no_price_dollars": "0.5700", "price": 0.43, "taker_side": "yes", "ticker": "KXINX-26MAR05H1600-B6787", "trade_id": "ad8d9af8-2e2e-428e-677d-487353e01306", "yes_price": 43, "yes_price_dollars": "0.4300"}
{"count": 5, "count_fp": "5.00", "created_time": "2026-03-05T19:40:01.462927Z", "no_price": 66, "no_price_dollars": "0.6600", "price": 0.34, "taker_side": "yes", "ticker": "KXINX-26MAR05H1600-B6787", "trade_id": "59f735ca-4aac-4e80-3ba4-016e52923c80", "yes_price": 34, "yes_price_dollars": "0.3400"}
{"count": 5, "count_fp": "5.00", "created_time": "2026-03-05T19:38:04.773672Z", "no_price": 67, "no_price_dollars": "0.6700", "price": 0.33, "taker_side": "yes", "ticker": "KXINX-26MAR05H1600-B6787", "trade_id": "48761374-b83f-6be4-e50a-59fededfa988", "yes_price": 33, "yes_price_dollars": "0.3300"}
{"count": 5, "count_fp": "5.00", "created_time": "2026-03-05T19:37:24.135832Z", "no_price": 67, "no_price_dollars": "0.6700", "price": 0.33, "taker_side": "no", "ticker": "KXINX-26MAR05H1600-B6787", "trade_id": "56b79154-111d-5853-7599-372e9ea576b9", "yes_price": 33, "yes_price_dollars": "0.3300"}
{"count": 5, "count_fp": "5.00", "created_time": "2026-03-05T19:36:33.289635Z", "no_price": 66, "no_price_dollars": "0.6600", "price": 0.34, "taker_side": "no", "ticker": "KXINX-26MAR05H1600-B6787", "trade_id": "b95f1b3f-b4d9-5663-4053-2c86b8827d7c", "yes_price": 34, "yes_price_dollars": "0.3400"}
{"count": 5, "count_fp": "5.00", "created_time": "2026-03-05T19:36:04.380496Z", "no_price": 66, "no_price_dollars": "0.6600", "price": 0.34, "taker_side": "no", "ticker": "KXINX-26MAR05H1600-B6787", "trade_id": "726bdccb-f64f-5ae6-4f05-2f3421c45bf3", "yes_price": 34, "yes_price_dollars": "0.3400"}
{"count": 60, "count_fp": "60.00", "created_time": "2026-03-05T19:33:40.09062Z", "no_price": 67, "no_price_dollars": "0.6700", "price": 0.33, "taker_side": "yes", "ticker": "KXINX-26MAR05H1600-B6787", "trade_id": "b283de4d-2f20-6c29-c844-039d5149c600", "yes_price": 33, "yes_price_dollars": "0.3300"}
{"count": 5, "count_fp": "5.00", "created_time": "2026-03-05T19:33:40.09062Z", "no_price": 67, "no_price_dollars": "0.6700", "price": 0.33, "taker_side": "yes", "ticker": "KXINX-26MAR05H1600-B6787", "trade_id": "32caad82-8249-6574-cca0-259011d7ffaa", "yes_price": 33, "yes_price_dollars": "0.3300"}
{"count": 5, "count_fp": "5.00", "created_time": "2026-03-05T19:32:44.45645Z", "no_price": 67, "no_price_dollars": "0.6700", "price": 0.33, "taker_side": "no", "ticker": "KXINX-26MAR05H1600-B6787", "trade_id": "3d1d9028-c8cb-5339-4d02-8037b6c26b27", "yes_price": 33, "yes_price_dollars": "0.3300"}
{"count": 60, "count_fp": "60.00", "created_time": "2026-03-05T19:32:19.528487Z", "no_price": 66, "no_price_dollars": "0.6600", "price": 0.34, "taker_side": "no", "ticker": "KXINX-26MAR05H1600-B6787", "trade_id": "cbcc2fba-f63f-546a-6658-99230c905229", "yes_price": 34, "yes_price_dollars": "0.3400"}
{"count": 5, "count_fp": "5.00", "created_time": "2026-03-05T19:32:19.528487Z", "no_price": 66, "no_price_dollars": "0.6600", "price": 0.34, "taker_side": "no", "ticker": "KXINX-26MAR05H1600-B6787", "trade_id": "218e38d0-0c4e-52e5-77ed-c43947f9339d", "yes_price": 34, "yes_price_dollars": "0.3400"}
{"count": 60, "count_fp": "60.00", "created_time": "2026-03-05T19:30:39.680915Z", "no_price": 63, "no_price_dollars": "0.6300", "price": 0.37, "taker_side": "no", "ticker": "KXINX-26MAR05H1600-B6787", "trade_id": "f2c260ae-18ce-50ac-5734-9faa9b67b63b", "yes_price": 37, "yes_price_dollars": "0.3700"}
{"count": 5, "count_fp": "5.00", "created_time": "2026-03-05T19:30:39.680915Z", "no_price": 63, "no_price_dollars": "0.6300", "price": 0.37, "taker_side": "no", "ticker": "KXINX-26MAR05H1600-B6787", "trade_id": "96165dda-f250-54bc-4200-dc312299837d", "yes_price": 37, "yes_price_dollars": "0.3700"}
{"count": 38, "count_fp": "38.00", "created_time": "2026-03-05T19:25:57.540295Z", "no_price": 61, "no_price_dollars": "0.6100", "price": 0.39, "taker_side": "no", "ticker": "KXINX-26MAR05H1600-B6787", "trade_id": "8144882a-1ca1-5417-6c04-4b9bcfbfa74b", "yes_price": 39, "yes_price_dollars": "0.3900"}
{"count": 6, "count_fp": "6.00", "created_time": "2026-03-05T19:23:48.482492Z", "no_price": 61, "no_price_dollars": "0.6100", "price": 0.39, "taker_side": "no", "ticker": "KXINX-26MAR05H1600-B6787", "trade_id": "819bd4ba-9c25-6c8f-f3d9-aa1547c99f1f", "yes_price": 39, "yes_price_dollars": "0.3900"}
{"count": 14, "count_fp": "14.00", "created_time": "2026-03-05T19:23:00.687739Z", "no_price": 61, "no_price_dollars": "0.6100", "price": 0.39, "taker_side": "no", "ticker": "KXINX-26MAR05H1600-B6787", "trade_id": "f89f5dae-2051-651f-79a5-6aff28c42457", "yes_price": 39, "yes_price_dollars": "0.3900"}
{"count": 28, "count_fp": "28.00", "created_time": "2026-03-05T19:21:21.782959Z", "no_price": 59, "no_price_dollars": "0.5900", "price": 0.41, "taker_side": "yes", "ticker": "KXINX-26MAR05H1600-B6787", "trade_id": "808c759e-1575-67bb-436c-351f5b14e567", "yes_price": 41, "yes_price_dollars": "0.4100"}
{"count": 7, "count_fp": "7.00", "created_time": "2026-03-05T19:21:21.782959Z", "no_price": 59, "no_price_dollars": "0.5900", "price": 0.41, "taker_side": "yes", "ticker": "KXINX-26MAR05H1600-B6787", "trade_id": "1faae427-6cd8-6d81-6e19-764ad38dd68f", "yes_price": 41, "yes_price_dollars": "0.4100"}
{"count": 1, "count_fp": "1.00", "created_time": "2026-03-05T19:19:32.300256Z", "no_price": 64, "no_price_dollars": "0.6400", "price": 0.36, "taker_side": "no", "ticker": "KXINX-26MAR05H1600-B6787", "trade_id": "de5b027e-4c49-410f-aea0-dfae89af0e77", "yes_price": 36, "yes_price_dollars": "0.3600"}
{"count": 12, "count_fp": "12.00", "created_time": "2026-03-05T19:18:08.068495Z", "no_price": 63, "no_price_dollars": "0.6300", "price": 0.37, "taker_side": "yes", "ticker": "KXINX-26MAR05H1600-B6787", "trade_id": "886811b4-89fe-5cab-cdda-dcb618d2a08b", "yes_price": 37, "yes_price_dollars": "0.3700"}
{"count": 5, "count_fp": "5.00", "created_time": "2026-03-05T19:18:08.068495Z", "no_price": 63, "no_price_dollars": "0.6300", "price": 0.37, "taker_side": "yes", "ticker": "KXINX-26MAR05H1600-B6787", "trade_id": "4e823579-1c59-53c8-ff91-a45c4791b934", "yes_price": 37, "yes_price_dollars": "0.3700"}
{"count": 34, "count_fp": "34.00", "created_time": "2026-03-05T19:18:08.068495Z", "no_price": 61, "no_price_dollars": "0.6100", "price": 0.39, "taker_side": "yes", "ticker": "KXINX-26MAR05H1600-B6787", "trade_id": "19a6f743-cf7c-5675-f734-6d475fd5878b", "yes_price": 39, "yes_price_dollars": "0.3900"}
{"count": 3, "count_fp": "3.00", "created_time": "2026-03-05T19:17:50.337836Z", "no_price": 64, "no_price_dollars": "0.6400", "price": 0.36, "taker_side": "no", "ticker": "KXINX-26MAR05H1600-B6787", "trade_id": "b4fadee2-eadf-4162-e106-f405b961031b", "yes_price": 36, "yes_price_dollars": "0.3600"}
{"count": 1, "count_fp": "1.00", "created_time": "2026-03-05T19:03:19.099349Z", "no_price": 68, "no_price_dollars": "0.6800", "price": 0.32, "taker_side": "no", "ticker": "KXINX-26MAR05H1600-B6787", "trade_id": "26bbc0a7-a7aa-6828-49ae-a4f21054859b", "yes_price": 32, "yes_price_dollars": "0.3200"}
{"count": 5, "count_fp": "5.00", "created_time": "2026-03-05T19:01:31.914947Z", "no_price": 67, "no_price_dollars": "0.6700", "price": 0.33, "taker_side": "yes", "ticker": "KXINX-26MAR05H1600-B6787", "trade_id": "62439560-7506-56ef-868d-27b7add04226", "yes_price": 33, "yes_price_dollars": "0.3300"}
{"count": 1, "count_fp": "1.00", "created_time": "2026-03-05T18:44:00.522732Z", "no_price": 68, "no_price_dollars": "0.6800", "price": 0.32, "taker_side": "no", "ticker": "KXINX-26MAR05H1600-B6787", "trade_id": "3f81626f-3e29-714b-2d1b-ad452cddd343", "yes_price": 32, "yes_price_dollars": "0.3200"}
{"count": 1, "count_fp": "1.00", "created_time": "2026-03-05T18:39:41.73034Z", "no_price": 70, "no_price_dollars": "0.7000", "price": 0.3, "taker_side": "no", "ticker": "KXINX-26MAR05H1600-B6787", "trade_id": "93a94b66-3303-567e-d00f-daafb57a981b", "yes_price": 30, "yes_price_dollars": "0.3000"}
{"count": 5, "count_fp": "5.00", "created_time": "2026-03-05T18:37:46.727368Z", "no_price": 69, "no_price_dollars": "0.6900", "price": 0.31, "taker_side": "no", "ticker": "KXINX-26MAR05H1600-B6787", "trade_id": "a71afdcf-c4fa-573c-69cc-5edd2a680504", "yes_price": 31, "yes_price_dollars": "0.3100"}
{"count": 7, "count_fp": "7.00", "created_time": "2026-03-05T18:29:58.938903Z", "no_price": 70, "no_price_dollars": "0.7000", "price": 0.3, "taker_side": "yes", "ticker": "KXINX-26MAR05H1600-B6787", "trade_id": "58805b10-82a8-7ab8-8840-657d62dd452e", "yes_price": 30, "yes_price_dollars": "0.3000"}
{"count": 5, "count_fp": "5.00", "created_time": "2026-03-05T18:26:43.9266Z", "no_price": 71, "no_price_dollars": "0.7100", "price": 0.29, "taker_side": "no", "ticker": "KXINX-26MAR05H1600-B6787", "trade_id": "e286a274-3273-4b86-5e20-45f36702eae8", "yes_price": 29, "yes_price_dollars": "0.2900"}
{"count": 5, "count_fp": "5.00", "created_time": "2026-03-05T18:26:22.649532Z", "no_price": 70, "no_price_dollars": "0.7000", "price": 0.3, "taker_side": "no", "ticker": "KXINX-26MAR05H1600-B6787", "trade_id": "65c27fdd-2d3d-458c-53b3-605c98ca187d", "yes_price": 30, "yes_price_dollars": "0.3000"}
{"count": 12, "count_fp": "12.00", "created_time": "2026-03-05T18:23:22.357133Z", "no_price": 69, "no_price_dollars": "0.6900", "price": 0.31, "taker_side": "yes", "ticker": "KXINX-26MAR05H1600-B6787", "trade_id": "d4951b9b-f64c-6c92-39b5-a997ee0b94b1", "yes_price": 31, "yes_price_dollars": "0.3100"}
{"count": 26, "count_fp": "26.00", "created_time": "2026-03-05T18:23:22.357133Z", "no_price": 69, "no_price_dollars": "0.6900", "price": 0.31, "taker_side": "yes", "ticker": "KXINX-26MAR05H1600-B6787", "trade_id": "d08db0be-7b59-6beb-0477-662f4c49f803", "yes_price": 31, "yes_price_dollars": "0.3100"}
{"count": 5, "count_fp": "5.00", "created_time": "2026-03-05T18:23:22.357133Z", "no_price": 71, "no_price_dollars": "0.7100", "price": 0.29, "taker_side": "yes", "ticker": "KXINX-26MAR05H1600-B6787", "trade_id": "7f993124-e2a6-610a-2118-68d2b7434ff0", "yes_price": 29, "yes_price_dollars": "0.2900"}
{"count": 10, "count_fp": "10.00", "created_time": "2026-03-05T18:23:22.357133Z", "no_price": 70, "no_price_dollars": "0.7000", "price": 0.3, "taker_side": "yes", "ticker": "KXINX-26MAR05H1600-B6787", "trade_id": "46d56fe7-3d77-672e-1d83-2db3a32930dd", "yes_price": 30, "yes_price_dollars": "0.3000"}
{"count": 4, "count_fp": "4.00", "created_time": "2026-03-05T18:07:40.73077Z", "no_price": 74, "no_price_dollars": "0.7400", "price": 0.26, "taker_side": "yes", "ticker": "KXINX-26MAR05H1600-B6787", "trade_id": "bef2912f-222c-5e07-439b-596c0a924f3c", "yes_price": 26, "yes_price_dollars": "0.2600"}
{"count": 3, "count_fp": "3.00", "created_time": "2026-03-05T17:51:37.425622Z", "no_price": 73, "no_price_dollars": "0.7300", "price": 0.27, "taker_side": "yes", "ticker": "KXINX-26MAR05H1600-B6787", "trade_id": "6a137b97-5972-782e-2365-90a3ee039b9c", "yes_price": 27, "yes_price_dollars": "0.2700"}
{"count": 6, "count_fp": "6.00", "created_time": "2026-03-05T17:51:21.507537Z", "no_price": 70, "no_price_dollars": "0.7000", "price": 0.3, "taker_side": "yes", "ticker": "KXINX-26MAR05H1600-B6787", "trade_id": "1b820634-07c5-46db-e7c1-234b89b9f82b", "yes_price": 30, "yes_price_dollars": "0.3000"}
{"count": 60, "count_fp": "60.00", "created_time": "2026-03-05T17:50:41.109116Z", "no_price": 75, "no_price_dollars": "0.7500", "price": 0.25, "taker_side": "no", "ticker": "KXINX-26MAR05H1600-B6787", "trade_id": "66b0a69c-6ccc-63e5-2774-7bf08e2a77fc", "yes_price": 25, "yes_price_dollars": "0.2500"}
{"count": 26, "count_fp": "26.00", "created_time": "2026-03-05T17:42:54.938379Z", "no_price": 73, "no_price_dollars": "0.7300", "price": 0.27, "taker_side": "yes", "ticker": "KXINX-26MAR05H1600-B6787", "trade_id": "ba47fc83-8b52-63d8-9d0d-8cd977fbba8c", "yes_price": 27, "yes_price_dollars": "0.2700"}
{"count": 10, "count_fp": "10.00", "created_time": "2026-03-05T17:42:54.938379Z", "no_price": 73, "no_price_dollars": "0.7300", "price": 0.27, "taker_side": "yes", "ticker": "KXINX-26MAR05H1600-B6787", "trade_id": "3e6fbf11-def1-6502-bbba-1bc2ac186bfb", "yes_price": 27, "yes_price_dollars": "0.2700"}
{"count": 11, "count_fp": "11.00", "created_time": "2026-03-05T17:35:49.208785Z", "no_price": 74, "no_price_dollars": "0.7400", "price": 0.26, "taker_side": "yes", "ticker": "KXINX-26MAR05H1600-B6787", "trade_id": "77b16961-f645-4056-fa72-61c4857747cf", "yes_price": 26, "yes_price_dollars": "0.2600"}
