{"count": 10, "count_fp": "10.00", "created_time": "2026-02-26T17:59:05.409192Z", "no_price": 97, "no_price_dollars": "0.9700", "price": 0.03, "taker_side": "yes", "ticker": "KXINX-26FEB26H1600-B7037", "trade_id": "4f9afff5-0f33-5469-b95d-17ac27f6b756", "yes_price": 3, "yes_price_dollars": "0.0300"}
{"count": 2, "count_fp": "2.00", "created_time": "2026-02-26T04:26:49.986176Z", "no_price": 97, "no_price_dollars": "0.9700", "price": 0.03, "taker_side": "no", "ticker": "KXINX-26FEB26H1600-B7012", "trade_id": "fb705eb9-8959-71b0-f3a1-4a48a9dcbd9d", "yes_price": 3, "yes_price_dollars": "0.0300"}
{"count": 2, "count_fp": "2.00", "created_time": "2026-02-26T04:13:38.81819Z", "no_price": 81, "no_price_dollars": "0.8100", "price": 0.19, "taker_side": "yes", "ticker": "KXINX-26FEB26H1600-B7012", "trade_id": "f1c05e37-36ec-7465-7383-6afc19b1e95f", "yes_price": 19, "yes_price_dollars": "0.1900"}
{"count": 105, "count_fp": "105.00", "created_time": "2026-02-26T16:18:08.926587Z", "no_price": 96, "no_price_dollars": "0.9600", "price": 0.04, "taker_side": "yes", "ticker": "KXINX-26FEB26H1600-B6987", "trade_id": "7b8b7331-2a2c-7efc-e368-676791677a64", "yes_price": 4, "yes_price_dollars": "0.0400"}
{"count": 20, "count_fp": "20.00", "created_time": "2026-02-26T16:18:08.926587Z", "no_price": 97, "no_price_dollars": "0.9700", "price": 0.03, "taker_side": "yes", "ticker": "KXINX-26FEB26H1600-B6987", "trade_id": "7a82c06c-5be5-7bea-ea0e-b28a6b5dc1b5", "yes_price": 3, "yes_price_dollars": "0.0300"}
{"count": 7, "count_fp": "7.00", "created_time": "2026-02-26T16:17:06.332583Z", "no_price": 96, "no_price_dollars": "0.9600", "price": 0.04, "taker_side": "yes", "ticker": "KXINX-26FEB26H1600-B6987", "trade_id": "234dba49-48c4-51cc-2a79-a320429910c4", "yes_price": 4, "yes_price_dollars": "0.0400"}
{"count": 20, "count_fp": "20.00", "created_time": "2026-02-26T16:17:06.332583Z", "no_price": 97, "no_price_dollars": "0.9700", "price": 0.03, "taker_side": "yes", "ticker": "KXINX-26FEB26H1600-B6987", "trade_id": "0d2d6894-00d3-59e2-0b55-a18988da4e97", "yes_price": 3, "yes_price_dollars": "0.0300"}
{"count": 1, "count_fp": "1.00", "created_time": "2026-02-26T15:05:59.902687Z", "no_price": 96, "no_price_dollars": "0.9600", "price": 0.04, "taker_side": "yes", "ticker": "KXINX-26FEB26H1600-B6987", "trade_id": "7ad42853-1e91-74e3-163c-3abb30e8b0ae", "yes_price": 4, "yes_price_dollars": "0.0400"}
{"count": 14, "count_fp": "14.00", "created_time": "2026-02-26T14:48:32.018497Z", "no_price": 94, "no_price_dollars": "0.9400", "price": 0.06, "taker_side": "no", "ticker": "KXINX-26FEB26H1600-B6987", "trade_id": "40283957-c5e6-4d1c-391f-2ce90ed62b7a", "yes_price": 6, "yes_price_dollars": "0.0600"}
{"count": 20, "count_fp": "20.00", "created_time": "2026-02-26T14:43:27.004354Z", "no_price": 92, "no_price_dollars": "0.9200", "price": 0.08, "taker_side": "no", "ticker": "KXINX-26FEB26H1600-B6987", "trade_id": "77ed83e8-d655-6767-540b-f074e3e52500", "yes_price": 8, "yes_price_dollars": "0.0800"}
{"count": 20, "count_fp": "20.00", "created_time": "2026-02-26T14:42:07.191043Z", "no_price": 89, "no_price_dollars": "0.8900", "price": 0.11, "taker_side": "no", "ticker": "KXINX-26FEB26H1600-B6987", "trade_id": "a3789c48-09b3-6460-7422-7afcb56df20e", "yes_price": 11, "yes_price_dollars": "0.1100"}
{"count": 20, "count_fp": "20.00", "created_time": "2026-02-26T14:40:10.774156Z", "no_price": 85, "no_price_dollars": "0.8500", "price": 0.15, "taker_side": "no", "ticker": "KXINX-26FEB26H1600-B6987", "trade_id": "949056c7-accd-498d-e533-2175c459dce0", "yes_price": 15, "yes_price_dollars": "0.1500"}
{"count": 20, "count_fp": "20.00", "created_time": "2026-02-26T14:36:24.300169Z", "no_price": 85, "no_price_dollars": "0.8500", "price": 0.15, "taker_side": "no", "ticker": "KXINX-26FEB26H1600-B6987", "trade_id": "d093a032-0cb6-4427-d5b2-9207c1fc9e3c", "yes_price": 15, "yes_price_dollars": "0.1500"}
{"count": 20, "count_fp": "20.00", "created_time": "2026-02-26T14:35:20.730505Z", "no_price": 82, "no_price_dollars": "0.8200", "price": 0.18, "taker_side": "no", "ticker": "KXINX-26FEB26H1600-B6987", "trade_id": "1fb4ef26-e6f4-41c6-de9c-d6437c77fe2b", "yes_price": 18, "yes_price_dollars": "0.1800"}
{"count": 20, "count_fp": "20.00", "created_time": "2026-02-26T14:31:35.93161Z", "no_price": 80, "no_price_dollars": "0.8000", "price": 0.2, "taker_side": "yes", "ticker": "KXINX-26FEB26H1600-B6987", "trade_id": "fb2b5780-7560-4cbd-5b4c-056b6333ae6a", "yes_price": 20, "yes_price_dollars": "0.2000"}
{"count": 12, "count_fp": "12.00", "created_time": "2026-02-26T14:26:38.695741Z", "no_price": 69, "no_price_dollars": "0.6900", "price": 0.31, "taker_side": "yes", "ticker": "KXINX-26FEB26H1600-B6987", "trade_id": "fba7a4a6-cbec-7df3-e8ac-c2ad66f77f81", "yes_price": 31, "yes_price_dollars": "0.3100"}
{"count": 113, "count_fp": "113.00", "created_time": "2026-02-26T14:26:38.695741Z", "no_price": 69, "no_price_dollars": "0.6900", "price": 0.31, "taker_side": "yes", "ticker": "KXINX-26FEB26H1600-B6987", "trade_id": "3f8d3719-219b-7576-fd2d-57972f56f586", "yes_price": 31, "yes_price_dollars": "0.3100"}
{"count": 13, "count_fp": "13.00", "created_time": "2026-02-26T14:19:40.259946Z", "no_price": 73, "no_price_dollars": "0.7300", "price": 0.27, "taker_side": "yes", "ticker": "KXINX-26FEB26H1600-B6987", "trade_id": "e8de1275-aa01-4946-702f-d5e764508a7b", "yes_price": 27, "yes_price_dollars": "0.2700"}
{"count": 14, "count_fp": "14.00", "created_time": "2026-02-26T14:19:30.336135Z", "no_price": 73, "no_price_dollars": "0.7300", "price": 0.27, "taker_side": "no", "ticker": "KXINX-26FEB26H1600-B6987", "trade_id": "8a3b7ed9-b91b-661a-f0c0-5c11a06ef556", "yes_price": 27, "yes_price_dollars": "0.2700"}
{"count": 117, "count_fp": "117.00", "created_time": "2026-02-26T13:18:01.757979Z", "no_price": 72, "no_price_dollars": "0.7200", "price": 0.28, "taker_side": "yes", "ticker": "KXINX-26FEB26H1600-B6987", "trade_id": "9b1ccf23-b30e-451e-63d2-8ee6e27b9434", "yes_price": 28, "yes_price_dollars": "0.2800"}
{"count": 4, "count_fp": "4.00", "created_time": "2026-02-26T04:27:44.272033Z", "no_price": 86, "no_price_dollars": "0.8600", "price": 0.14, "taker_side": "no", "ticker": "KXINX-26FEB26H1600-B6987", "trade_id": "3163a077-ba94-5814-9587-a666479c495d", "yes_price": 14, "yes_price_dollars": "0.1400"}
{"count": 4, "count_fp": "4.00", "created_time": "2026-02-26T04:27:40.248362Z", "no_price": 73, "no_price_dollars": "0.7300", "price": 0.27, "taker_side": "yes", "ticker": "KXINX-26FEB26H1600-B6987", "trade_id": "77d92d66-23da-5fdd-350c-e8d33c568d8b", "yes_price": 27, "yes_price_dollars": "0.2700"}
{"count": 3, "count_fp": "3.00", "created_time": "2026-02-26T04:12:52.470647Z", "no_price": 86, "no_price_dollars": "0.8600", "price": 0.14, "taker_side": "no", "ticker": "KXINX-26FEB26H1600-B6987", "trade_id": "9e236a4f-13e8-6f58-d0dd-c96916cee155", "yes_price": 14, "yes_price_dollars": "0.1400"}
{"count": 3, "count_fp": "3.00", "created_time": "2026-02-26T03:32:23.260553Z", "no_price": 70, "no_price_dollars": "0.7000", "price": 0.3, "taker_side": "yes", "ticker": "KXINX-26FEB26H1600-B6987", "trade_id": "50a2b0fe-f5ba-7271-f803-10a54b869327", "yes_price": 30, "yes_price_dollars": "0.3000"}
{"count": 20, "count_fp": "20.00", "created_time": "2026-02-26T20:20:15.281455Z", "no_price": 98, "no_price_dollars": "0.9800", "price": 0.02, "taker_side": "yes", "ticker": "KXINX-26FEB26H1600-B6962", "trade_id": "29f49506-ee60-4608-d392-7abe13c5d04b", "yes_price": 2, "yes_price_dollars": "0.0200"}
{"count": 20, "count_fp": "20.00", "created_time": "2026-02-26T19:15:42.851832Z", "no_price": 97, "no_price_dollars": "0.9700", "price": 0.03, "taker_side": "yes", "ticker": "KXINX-26FEB26H1600-B6962", "trade_id": "dee55f3f-5bfe-773f-9b58-4a860df19a5e", "yes_price": 3, "yes_price_dollars": "0.0300"}
{"count": 20, "count_fp": "20.00", "created_time": "2026-02-26T16:25:55.747988Z", "no_price": 93, "no_price_dollars": "0.9300", "price": 0.07, "taker_side": "yes", "ticker": "KXINX-26FEB26H1600-B6962", "trade_id": "d5f32ab0-3cc7-78e3-1124-e4f7cf5c81ac", "yes_price": 7, "yes_price_dollars": "0.0700"}
{"count": 11, "count_fp": "11.00", "created_time": "2026-02-26T16:17:42.617436Z", "no_price": 93, "no_price_dollars": "0.9300", "price": 0.07, "taker_side": "yes", "ticker": "KXINX-26FEB26H1600-B6962", "trade_id": "c293d6f0-76d2-69f5-7c35-13b8a8c0277d", "yes_price": 7, "yes_price_dollars": "0.0700"}
{"count": 50, "count_fp": "50.00", "created_time": "2026-02-26T16:17:42.617436Z", "no_price": 92, "no_price_dollars": "0.9200", "price": 0.08, "taker_side": "yes", "ticker": "KXINX-26FEB26H1600-B6962", "trade_id": "b6854292-5467-61d2-7c0c-2f753cbd625e", "yes_price": 8, "yes_price_dollars": "0.0800"}
{"count": 16, "count_fp": "16.00", "created_time": "2026-02-26T15:50:15.809355Z", "no_price": 96, "no_price_dollars": "0.9600", "price": 0.04, "taker_side": "no", "ticker": "KXINX-26FEB26H1600-B6962", "trade_id": "76dfc2b2-2033-5958-b692-a2cfe6403a9b", "yes_price": 4, "yes_price_dollars": "0.0400"}
{"count": 1, "count_fp": "1.00", "created_time": "2026-02-26T15:50:15.809355Z", "no_price": 93, "no_price_dollars": "0.9300", "price": 0.07, "taker_side": "no", "ticker": "KXINX-26FEB26H1600-B6962", "trade_id": "19490a96-965a-5bd3-aa1a-60ea57ea4dca", "yes_price": 7, "yes_price_dollars": "0.0700"}
{"count": 9, "count_fp": "9.00", "created_time": "2026-02-26T15:33:27.440197Z", "no_price": 92, "no_price_dollars": "0.9200", "price": 0.08, "taker_side": "yes", "ticker": "KXINX-26FEB26H1600-B6962", "trade_id": "e41625f7-5162-5191-8cbb-d973b59d7d05", "yes_price": 8, "yes_price_dollars": "0.0800"}
{"count": 20, "count_fp": "20.00", "created_time": "2026-02-26T15:18:20.778891Z", "no_price": 97, "no_price_dollars": "0.9700", "price": 0.03, "taker_side": "no", "ticker": "KXINX-26FEB26H1600-B6962", "trade_id": "f3767726-8aaf-7053-109f-105e996c91ac", "yes_price": 3, "yes_price_dollars": "0.0300"}
{"count": 20, "count_fp": "20.00", "created_time": "2026-02-26T15:14:51.061922Z", "no_price": 93, "no_price_dollars": "0.9300", "price": 0.07, "taker_side": "no", "ticker": "KXINX-26FEB26H1600-B6962", "trade_id": "381dac44-2c07-67b0-4951-99b609917fcf", "yes_price": 7, "yes_price_dollars": "0.0700"}
{"count": 19, "count_fp": "19.00", "created_time": "2026-02-26T15:12:48.63511Z", "no_price": 90, "no_price_dollars": "0.9000", "price": 0.1, "taker_side": "no", "ticker": "KXINX-26FEB26H1600-B6962", "trade_id": "2bad9613-1c08-6536-74f3-bd5e0d40f003", "yes_price": 10, "yes_price_dollars": "0.1000"}
{"count": 1, "count_fp": "1.00", "created_time": "2026-02-26T15:12:40.083532Z", "no_price": 90, "no_price_dollars": "0.9000", "price": 0.1, "taker_side": "no", "ticker": "KXINX-26FEB26H1600-B6962", "trade_id": "46eafbb5-dae8-70fa-f188-f47c69ad20c3", "yes_price": 10, "yes_price_dollars": "0.1000"}
{"count": 20, "count_fp": "20.00", "created_time": "2026-02-26T15:12:15.112174Z", "no_price": 81, "no_price_dollars": "0.8100", "price": 0.19, "taker_side": "no", "ticker": "KXINX-26FEB26H1600-B6962", "trade_id": "4dd98d1f-c1e3-50de-c4e3-1ba3e1cb7e58", "yes_price": 19, "yes_price_dollars": "0.1900"}
{"count": 20, "count_fp": "20.00", "created_time": "2026-02-26T15:06:51.051179Z", "no_price": 79, "no_price_dollars": "0.7900", "price": 0.21, "taker_side": "yes", "ticker": "KXINX-26FEB26H1600-B6962", "trade_id": "55464a3c-35a7-5276-2aff-c5563fb3a992", "yes_price": 21, "yes_price_dollars": "0.2100"}
{"count": 20, "count_fp": "20.00", "created_time": "2026-02-26T15:01:18.969767Z", "no_price": 81, "no_price_dollars": "0.8100", "price": 0.19, "taker_side": "no", "ticker": "KXINX-26FEB26H1600-B6962", "trade_id": "c308f83b-e80c-6ac9-765c-9ceab83a8fbc", "yes_price": 19, "yes_price_dollars": "0.1900"}
{"count": 20, "count_fp": "20.00", "created_time": "2026-02-26T14:53:57.919474Z", "no_price": 74, "no_price_dollars": "0.7400", "price": 0.26, "taker_side": "yes", "ticker": "KXINX-26FEB26H1600-B6962", "trade_id": "68a4ede0-4121-4228-b619-dff499df15d4", "yes_price": 26, "yes_price_dollars": "0.2600"}
{"count": 20, "count_fp": "20.00", "created_time": "2026-02-26T14:50:18.585565Z", "no_price": 72, "no_price_dollars": "0.7200", "price": 0.28, "taker_side": "yes", "ticker": "KXINX-26FEB26H1600-B6962", "trade_id": "d08b5f24-3aa3-4185-b5cd-6e1b67a2003f", "yes_price": 28, "yes_price_dollars": "0.2800"}
{"count": 2, "count_fp": "2.00", "created_time": "2026-02-26T14:34:40.919471Z", "no_price": 71, "no_price_dollars": "0.7100", "price": 0.29, "taker_side": "no", "ticker": "KXINX-26FEB26H1600-B6962", "trade_id": "84c89594-099c-6ce4-b532-007d7dd53e6b", "yes_price": 29, "yes_price_dollars": "0.2900"}
{"count": 20, "count_fp": "20.00", "created_time": "2026-02-26T14:24:54.854432Z", "no_price": 72, "no_price_dollars": "0.7200", "price": 0.28, "taker_side": "yes", "ticker": "KXINX-26FEB26H1600-B6962", "trade_id": "874bb4de-b8ea-53f6-78fa-1f4117b20b7e", "yes_price": 28, "yes_price_dollars": "0.2800"}
{"count": 115, "count_fp": "115.00", "created_time": "2026-02-26T14:24:54.854432Z", "no_price": 71, "no_price_dollars": "0.7100", "price": 0.29, "taker_side": "yes", "ticker": "KXINX-26FEB26H1600-B6962", "trade_id": "0a618911-dbb9-58d0-4718-5db684adc775", "yes_price": 29, "yes_price_dollars": "0.2900"}
{"count": 9, "count_fp": "9.00", "created_time": "2026-02-26T13:33:54.80705Z", "no_price": 72, "no_price_dollars": "0.7200", "price": 0.28, "taker_side": "no", "ticker": "KXINX-26FEB26H1600-B6962", "trade_id": "7742595c-ec72-5ea2-cb9a-d33f8133e07f", "yes_price": 28, "yes_price_dollars": "0.2800"}
{"count": 1, "count_fp": "1.00", "created_time": "2026-02-26T04:27:47.739747Z", "no_price": 70, "no_price_dollars": "0.7000", "price": 0.3, "taker_side": "yes", "ticker": "KXINX-26FEB26H1600-B6962", "trade_id": "de48ea29-4784-4b2d-50a1-99a2acdf0be3", "yes_price": 30, "yes_price_dollars": "0.3000"}
{"count": 2, "count_fp": "2.00", "created_time": "2026-02-26T04:12:52.289324Z", "no_price": 86, "no_price_dollars": "0.8600", "price": 0.14, "taker_side": "no", "ticker": "KXINX-26FEB26H1600-B6962", "trade_id": "6b2d878e-68bb-604d-b865-efbcc9e6f7b7", "yes_price": 14, "yes_price_dollars": "0.1400"}
{"count": 2, "count_fp": "2.00", "created_time": "2026-02-26T03:32:29.248024Z", "no_price": 70, "no_price_dollars": "0.7000", "price": 0.3, "taker_side": "yes", "ticker": "KXINX-26FEB26H1600-B6962", "trade_id": "98ef3849-638c-5305-a774-2f4384e2d48b", "yes_price": 30, "yes_price_dollars": "0.3000"}
{"count": 8, "count_fp": "8.00", "created_time": "2026-02-26T20:40:15.149194Z", "no_price": 90, "no_price_dollars": "0.9000", "price": 0.1, "taker_side": "no", "ticker": "KXINX-26FEB26H1600-B6937", "trade_id": "02a0d11a-7a0c-607e-afd5-cba4ae9f01e3", "yes_price": 10, "yes_price_dollars": "0.1000"}
{"count": 15, "count_fp": "15.00", "created_time": "2026-02-26T20:38:35.519261Z", "no_price": 80, "no_price_dollars": "0.8000", "price": 0.2, "taker_side": "yes", "ticker": "KXINX-26FEB26H1600-B6937", "trade_id": "74f3c97b-0bff-70ca-6bfe-4086f6970465", "yes_price": 20, "yes_price_dollars": "0.2000"}
{"count": 15, "count_fp": "15.00", "created_time": "2026-02-26T20:38:23.848116Z", "no_price": 81, "no_price_dollars": "0.8100", "price": 0.19, "taker_side": "no", "ticker": "KXINX-26FEB26H1600-B6937", "trade_id": "3d9b5d1c-944e-4d5c-c644-2b53ba0ef226", "yes_price": 19, "yes_price_dollars": "0.1900"}
{"count": 15, "count_fp": "15.00", "created_time": "2026-02-26T20:36:46.30971Z", "no_price": 81, "no_price_dollars": "0.8100", "price": 0.19, "taker_side": "yes", "ticker": "KXINX-26FEB26H1600-B6937", "trade_id": "8521b726-cbb6-7daf-62e7-17803b0c2758", "yes_price": 19, "yes_price_dollars": "0.1900"}
{"count": 14, "count_fp": "14.00", "created_time": "2026-02-26T20:34:57.682702Z", "no_price": 81, "no_price_dollars": "0.8100", "price": 0.19, "taker_side": "no", "ticker": "KXINX-26FEB26H1600-B6937", "trade_id": "f2281231-bf62-603b-eacc-a2c6c5848d0f", "yes_price": 19, "yes_price_dollars": "0.1900"}
{"count": 14, "count_fp": "14.00", "created_time": "2026-02-26T20:34:51.290896Z", "no_price": 81, "no_price_dollars": "0.8100", "price": 0.19, "taker_side": "yes", "ticker": "KXINX-26FEB26H1600-B6937", "trade_id": "82dd4130-02c1-7d9e-6b1d-b0955a71a02b", "yes_price": 19, "yes_price_dollars": "0.1900"}
{"count": 14, "count_fp": "14.00", "created_time": "2026-02-26T20:33:15.377819Z", "no_price": 85, "no_price_dollars": "0.8500", "price": 0.15, "taker_side": "no", "ticker": "KXINX-26FEB26H1600-B6937", "trade_id": "7a870b03-e661-5f45-e588-58e2cddbd69b", "yes_price": 15, "yes_price_dollars": "0.1500"}
{"count": 14, "count_fp": "14.00", "created_time": "2026-02-26T20:32:48.297727Z", "no_price": 83, "no_price_dollars": "0.8300", "price": 0.17, "taker_side": "yes", "ticker": "KXINX-26FEB26H1600-B6937", "trade_id": "3d61b3e1-e461-7018-4ba4-e2898077526a", "yes_price": 17, "yes_price_dollars": "0.1700"}
{"count": 3, "count_fp": "3.00", "created_time": "2026-02-26T20:31:44.548456Z", "no_price": 86, "no_price_dollars": "0.8600", "price": 0.14, "taker_side": "yes", "ticker": "KXINX-26FEB26H1600-B6937", "trade_id": "a64513d5-cd52-7503-56c6-9e0878c463f7", "yes_price": 14, "yes_price_dollars": "0.1400"}
{"count": 10, "count_fp": "10.00", "created_time": "2026-02-26T20:31:44.548456Z", "no_price": 86, "no_price_dollars": "0.8600", "price": 0.14, "taker_side": "yes", "ticker": "KXINX-26FEB26H1600-B6937", "trade_id": "9cd56ae7-c3d2-7260-709f-0d9b528aef36", "yes_price": 14, "yes_price_dollars": "0.1400"}
{"count": 13, "count_fp": "13.00", "created_time": "2026-02-26T20:31:24.276411Z", "no_price": 87, "no_price_dollars": "0.8700", "price": 0.13, "taker_side": "no", "ticker": "KXINX-26FEB26H1600-B6937", "trade_id": "6edb6350-c5a2-790a-a468-d6896d9d39b8", "yes_price": 13, "yes_price_dollars": "0.1300"}
{"count": 10, "count_fp": "10.00", "created_time": "2026-02-26T20:28:56.609122Z", "no_price": 87, "no_price_dollars": "0.8700", "price": 0.13, "taker_side": "no", "ticker": "KXINX-26FEB26H1600-B6937", "trade_id": "a09d146f-aa26-5cf1-fb51-643f1247f6b8", "yes_price": 13, "yes_price_dollars": "0.1300"}
{"count": 60, "count_fp": "60.00", "created_time": "2026-02-26T19:19:21.770385Z", "no_price": 83, "no_price_dollars": "0.8300", "price": 0.17, "taker_side": "yes", "ticker": "KXINX-26FEB26H1600-B6937", "trade_id": "ba1b4784-835c-48d9-dc51-594c6b13c855", "yes_price": 17, "yes_price_dollars": "0.1700"}
{"count": 20, "count_fp": "20.00", "created_time": "2026-02-26T19:12:40.301133Z", "no_price": 86, "no_price_dollars": "0.8600", "price": 0.14, "taker_side": "yes", "ticker": "KXINX-26FEB26H1600-B6937", "trade_id": "8eb7815f-d6e5-4c86-0323-f36fcf031b10", "yes_price": 14, "yes_price_dollars": "0.1400"}
{"count": 20, "count_fp": "20.00", "created_time": "2026-02-26T19:08:17.506467Z", "no_price": 89, "no_price_dollars": "0.8900", "price": 0.11, "taker_side": "yes", "ticker": "KXINX-26FEB26H1600-B6937", "trade_id": "10715007-11de-4aac-5f73-632183a289f5", "yes_price": 11, "yes_price_dollars": "0.1100"}
{"count": 4, "count_fp": "4.00", "created_time": "2026-02-26T19:02:46.253395Z", "no_price": 90, "no_price_dollars": "0.9000", "price": 0.1, "taker_side": "no", "ticker": "KXINX-26FEB26H1600-B6937", "trade_id": "53a2db0e-318c-50ce-e704-084a78ecbdff", "yes_price": 10, "yes_price_dollars": "0.1000"}
{"count": 4, "count_fp": "4.00", "created_time": "2026-02-26T18:52:08.193923Z", "no_price": 90, "no_price_dollars": "0.9000", "price": 0.1, "taker_side": "yes", "ticker": "KXINX-26FEB26H1600-B6937", "trade_id": "b3642fdc-7414-69c1-f280-9c50230db7b3", "yes_price": 10, "yes_price_dollars": "0.1000"}
{"count": 16, "count_fp": "16.00", "created_time": "2026-02-26T18:43:38.970956Z", "no_price": 91, "no_price_dollars": "0.9100", "price": 0.09, "taker_side": "yes", "ticker": "KXINX-26FEB26H1600-B6937", "trade_id": "57b34333-b42c-55b1-88bd-a3cb75c76167", "yes_price": 9, "yes_price_dollars": "0.0900"}
{"count": 20, "count_fp": "20.00", "created_time": "2026-02-26T18:34:28.856897Z", "no_price": 95, "no_price_dollars": "0.9500", "price": 0.05, "taker_side": "yes", "ticker": "KXINX-26FEB26H1600-B6937", "trade_id": "facb6e12-3cb5-7bfe-4c5a-c8bbe0d3e5c6", "yes_price": 5, "yes_price_dollars": "0.0500"}
{"count": 3, "count_fp": "3.00", "created_time": "2026-02-26T18:34:28.856897Z", "no_price": 95, "no_price_dollars": "0.9500", "price": 0.05, "taker_side": "yes", "ticker": "KXINX-26FEB26H1600-B6937", "trade_id": "28b6ba23-75c1-7f3c-54db-f58c3bdc7547", "yes_price": 5, "yes_price_dollars": "0.0500"}
{"count": 1, "count_fp": "1.00", "created_time": "2026-02-26T17:46:52.026388Z", "no_price": 98, "no_price_dollars": "0.9800", "price": 0.02, "taker_side": "no", "ticker": "KXINX-26FEB26H1600-B6937", "trade_id": "cf5a384e-2846-5272-367a-a0fae4959fcb", "yes_price": 2, "yes_price_dollars": "0.0200"}
{"count": 1, "count_fp": "1.00", "created_time": "2026-02-26T17:46:52.026388Z", "no_price": 96, "no_price_dollars": "0.9600", "price": 0.04, "taker_side": "no", "ticker": "KXINX-26FEB26H1600-B6937", "trade_id": "92bc3403-181c-5450-345e-686ce1811c23", "yes_price": 4, "yes_price_dollars": "0.0400"}
{"count": 2, "count_fp": "2.00", "created_time": "2026-02-26T17:38:55.429873Z", "no_price": 95, "no_price_dollars": "0.9500", "price": 0.05, "taker_side": "no", "ticker": "KXINX-26FEB26H1600-B6937", "trade_id": "f6f81ace-19af-5dbb-764a-bb3cd088ac95", "yes_price": 5, "yes_price_dollars": "0.0500"}
{"count": 1, "count_fp": "1.00", "created_time": "2026-02-26T17:20:12.210966Z", "no_price": 94, "no_price_dollars": "0.9400", "price": 0.06, "taker_side": "no", "ticker": "KXINX-26FEB26H1600-B6937", "trade_id": "e455ab1a-efb7-6187-0638-5f99a6790bc9", "yes_price": 6, "yes_price_dollars": "0.0600"}
{"count": 1, "count_fp": "1.00", "created_time": "2026-02-26T17:04:15.948139Z", "no_price": 92, "no_price_dollars": "0.9200", "price": 0.08, "taker_side": "no", "ticker": "KXINX-26FEB26H1600-B6937", "trade_id": "17cc4781-5859-7019-7e89-3d5dd386cfd2", "yes_price": 8, "yes_price_dollars": "0.0800"}
{"count": 20, "count_fp": "20.00", "created_time": "2026-02-26T16:49:13.633376Z", "no_price": 86, "no_price_dollars": "0.8600", "price": 0.14, "taker_side": "yes", "ticker": "KXINX-26FEB26H1600-B6937", "trade_id": "03c3d7d4-37a2-4d8f-46bc-d0d1ac065d0e", "yes_price": 14, "yes_price_dollars": "0.1400"}
{"count": 20, "count_fp": "20.00", "created_time": "2026-02-26T16:22:14.034347Z", "no_price": 79, "no_price_dollars": "0.7900", "price": 0.21, "taker_side": "yes", "ticker": "KXINX-26FEB26H1600-B6937", "trade_id": "959b10ee-c586-60f9-a7a7-b50bb8ea1f5a", "yes_price": 21, "yes_price_dollars": "0.2100"}
{"count": 20, "count_fp": "20.00", "created_time": "2026-02-26T16:14:59.631399Z", "no_price": 80, "no_price_dollars": "0.8000", "price": 0.2, "taker_side": "yes", "ticker": "KXINX-26FEB26H1600-B6937", "trade_id": "5f3cb2ac-63cf-6c15-97ab-4f2e0f4dab42", "yes_price": 20, "yes_price_dollars": "0.2000"}
{"count": 3, "count_fp": "3.00", "created_time": "2026-02-26T15:55:52.252646Z", "no_price": 84, "no_price_dollars": "0.8400", "price": 0.16, "taker_side": "yes", "ticker": "KXINX-26FEB26H1600-B6937", "trade_id": "851b586f-28a6-5e22-a2a3-db3527ac416e", "yes_price": 16, "yes_price_dollars": "0.1600"}
{"count": 20, "count_fp": "20.00", "created_time": "2026-02-26T15:33:50.40565Z", "no_price": 96, "no_price_dollars": "0.9600", "price": 0.04, "taker_side": "no", "ticker": "KXINX-26FEB26H1600-B6937", "trade_id": "27707cc6-2579-7af0-db49-2b2048ef52dd", "yes_price": 4, "yes_price_dollars": "0.0400"}
{"count": 20, "count_fp": "20.00", "created_time": "2026-02-26T15:22:22.856549Z", "no_price": 95, "no_price_dollars": "0.9500", "price": 0.05, "taker_side": "no", "ticker": "KXINX-26FEB26H1600-B6937", "trade_id": "f174ab86-c159-64a7-50af-472add5fd7f0", "yes_price": 5, "yes_price_dollars": "0.0500"}
{"count": 20, "count_fp": "20.00", "created_time": "2026-02-26T15:21:09.663269Z", "no_price": 94, "no_price_dollars": "0.9400", "price": 0.06, "taker_side": "no", "ticker": "KXINX-26FEB26H1600-B6937", "trade_id": "886cc69c-d3b1-4ea2-b4ef-b70be2bad683", "yes_price": 6, "yes_price_dollars": "0.0600"}
{"count": 20, "count_fp": "20.00", "created_time": "2026-02-26T15:20:47.488338Z", "no_price": 92, "no_price_dollars": "0.9200", "price": 0.08, "taker_side": "no", "ticker": "KXINX-26FEB26H1600-B6937", "trade_id": "d5259469-04bd-4341-3b12-4421ca2e42b9", "yes_price": 8, "yes_price_dollars": "0.0800"}
{"count": 20, "count_fp": "20.00", "created_time": "2026-02-26T15:17:48.002191Z", "no_price": 86, "no_price_dollars": "0.8600", "price": 0.14, "taker_side": "no", "ticker": "KXINX-26FEB26H1600-B6937", "trade_id": "1a111dd0-3241-4e54-1983-d702fc13317d", "yes_price": 14, "yes_price_dollars": "0.1400"}
{"count": 64, "count_fp": "64.00", "created_time": "2026-02-26T15:16:41.298943Z", "no_price": 83, "no_price_dollars": "0.8300", "price": 0.17, "taker_side": "yes", "ticker": "KXINX-26FEB26H1600-B6937", "trade_id": "a53afa96-6988-6f06-dfdc-0f80597efc31", "yes_price": 17, "yes_price_dollars": "0.1700"}
{"count": 20, "count_fp": "20.00", "created_time": "2026-02-26T15:16:31.969069Z", "no_price": 83, "no_price_dollars": "0.8300", "price": 0.17, "taker_side": "no", "ticker": "KXINX-26FEB26H1600-B6937", "trade_id": "72f9e0a7-0cf6-5057-d5cf-a95f7b7ea04e", "yes_price": 17, "yes_price_dollars": "0.1700"}
{"count": 7, "count_fp": "7.00", "created_time": "2026-02-26T15:05:05.272874Z", "no_price": 70, "no_price_dollars": "0.7000", "price": 0.3, "taker_side": "no", "ticker": "KXINX-26FEB26H1600-B6937", "trade_id": "0a99b315-3389-74d6-b113-970ea34b1510", "yes_price": 30, "yes_price_dollars": "0.3000"}
{"count": 7, "count_fp": "7.00", "created_time": "2026-02-26T15:05:04.461349Z", "no_price": 70, "no_price_dollars": "0.7000", "price": 0.3, "taker_side": "yes", "ticker": "KXINX-26FEB26H1600-B6937", "trade_id": "1096864d-b541-5549-bb42-0db6c753d1b6", "yes_price": 30, "yes_price_dollars": "0.3000"}
{"count": 16, "count_fp": "16.00", "created_time": "2026-02-26T15:02:39.398825Z", "no_price": 70, "no_price_dollars": "0.7000", "price": 0.3, "taker_side": "no", "ticker": "KXINX-26FEB26H1600-B6937", "trade_id": "cab17259-81c9-638e-7b4b-75a6a0b52454", "yes_price": 30, "yes_price_dollars": "0.3000"}
{"count": 20, "count_fp": "20.00", "created_time": "2026-02-26T15:01:18.974516Z", "no_price": 70, "no_price_dollars": "0.7000", "price": 0.3, "taker_side": "yes", "ticker": "KXINX-26FEB26H1600-B6937", "trade_id": "710947d2-b36c-519b-8584-31439ef0014f", "yes_price": 30, "yes_price_dollars": "0.3000"}
{"count": 2, "count_fp": "2.00", "created_time": "2026-02-26T14:51:05.630867Z", "no_price": 73, "no_price_dollars": "0.7300", "price": 0.27, "taker_side": "yes", "ticker": "KXINX-26FEB26H1600-B6937", "trade_id": "efba594c-19ec-5c70-18dc-5cbdc78bb331", "yes_price": 27, "yes_price_dollars": "0.2700"}
{"count": 20, "count_fp": "20.00", "created_time": "2026-02-26T14:51:05.630867Z", "no_price": 73, "no_price_dollars": "0.7300", "price": 0.27, "taker_side": "yes", "ticker": "KXINX-26FEB26H1600-B6937", "trade_id": "11d080a8-ea28-530c-1cee-4cb201b6e388", "yes_price": 27, "yes_price_dollars": "0.2700"}
{"count": 20, "count_fp": "20.00", "created_time": "2026-02-26T14:43:01.693373Z", "no_price": 75, "no_price_dollars": "0.7500", "price": 0.25, "taker_side": "yes", "ticker": "KXINX-26FEB26H1600-B6937", "trade_id": "4bcaaa93-dbc9-50e9-0f35-a701947ad7df", "yes_price": 25, "yes_price_dollars": "0.2500"}
{"count": 20, "count_fp": "20.00", "created_time": "2026-02-26T14:33:49.311071Z", "no_price": 79, "no_price_dollars": "0.7900", "price": 0.21, "taker_side": "yes", "ticker": "KXINX-26FEB26H1600-B6937", "trade_id": "db04273f-0621-4160-c52d-0c8d2b454918", "yes_price": 21, "yes_price_dollars": "0.2100"}
{"count": 139, "count_fp": "139.00", "created_time": "2026-02-26T14:27:19.990363Z", "no_price": 79, "no_price_dollars": "0.7900", "price": 0.21, "taker_side": "yes", "ticker": "KXINX-26FEB26H1600-B6937", "trade_id": "bc0abd4a-21fa-4cc8-3d03-e1ae28176ed1", "yes_price": 21, "yes_price_dollars": "0.2100"}
{"count": 4, "count_fp": "4.00", "created_time": "2026-02-26T10:34:45.358952Z", "no_price": 99, "no_price_dollars": "0.9900", "price": 0.01, "taker_side": "yes", "ticker": "KXINX-26FEB26H1600-B6937", "trade_id": "1abf024c-ff1b-77ee-6da4-7a39c8fac141", "yes_price": 1, "yes_price_dollars": "0.0100"}
{"count": 15, "count_fp": "15.00", "created_time": "2026-02-26T10:05:57.710348Z", "no_price": 90, "no_price_dollars": "0.9000", "price": 0.1, "taker_side": "no", "ticker": "KXINX-26FEB26H1600-B6937", "trade_id": "2f854e92-3de0-570c-ef23-cf344fb29211", "yes_price": 10, "yes_price_dollars": "0.1000"}
{"count": 3, "count_fp": "3.00", "created_time": "2026-02-26T04:27:53.809144Z", "no_price": 70, "no_price_dollars": "0.7000", "price": 0.3, "taker_side": "yes", "ticker": "KXINX-26FEB26H1600-B6937", "trade_id": "664e9490-abb7-5458-1411-1305581b657f", "yes_price": 30, "yes_price_dollars": "0.3000"}
{"count": 5, "count_fp": "5.00", "created_time": "2026-02-26T04:12:52.115251Z", "no_price": 90, "no_price_dollars": "0.9000", "price": 0.1, "taker_side": "no", "ticker": "KXINX-26FEB26H1600-B6937", "trade_id": "60bf094d-258c-4024-00a9-a9dcfd7880c5", "yes_price": 10, "yes_price_dollars": "0.1000"}
{"count": 5, "count_fp": "5.00", "created_time": "2026-02-26T03:32:35.197303Z", "no_price": 70, "no_price_dollars": "0.7000", "price": 0.3, "taker_side": "yes", "ticker": "KXINX-26FEB26H1600-B6937", "trade_id": "1ca7b6cb-563f-4a94-252e-fa9c3c4dd78f", "yes_price": 30, "yes_price_dollars": "0.3000"}
{"count": 317, "count_fp": "317.00", "created_time": "2026-02-26T20:59:32.036313Z", "no_price": 1, "no_price_dollars": "0.0100", "price": 0.99, "taker_side": "yes", "ticker": "KXINX-26FEB26H1600-B6912", "trade_id": "a9d805dc-464b-6386-835a-2ab790f79396", "yes_price": 99, "yes_price_dollars": "0.9900"}
{"count": 1, "count_fp": "1.00", "created_time": "2026-02-26T20:59:32.036313Z", "no_price": 1, "no_price_dollars": "0.0100", "price": 0.99, "taker_side": "yes", "ticker": "KXINX-26FEB26H1600-B6912", "trade_id": "3c899a3d-ff72-61fe-bde8-0787b747b238", "yes_price": 99, "yes_price_dollars": "0.9900"}
{"count": 21, "count_fp": "21.00", "created_time": "2026-02-26T20:59:25.408164Z", "no_price": 1, "no_price_dollars": "0.0100", "price": 0.99, "taker_side": "yes", "ticker": "KXINX-26FEB26H1600-B6912", "trade_id": "239c3d63-00b7-6932-e5de-7b6f8ca622de", "yes_price": 99, "yes_price_dollars": "0.9900"}
{"count": 2, "count_fp": "2.00", "created_time": "2026-02-26T20:59:18.502963Z", "no_price": 1, "no_price_dollars": "0.0100", "price": 0.99, "taker_side": "yes", "ticker": "KXINX-26FEB26H1600-B6912", "trade_id": "67a225ab-335b-4bc6-0dba-56c815d3e8c2", "yes_price": 99, "yes_price_dollars": "0.9900"}
{"count": 10, "count_fp": "10.00", "created_time": "2026-02-26T20:59:08.531305Z", "no_price": 1, "no_price_dollars": "0.0100", "price": 0.99, "taker_side": "yes", "ticker": "KXINX-26FEB26H1600-B6912", "trade_id": "db02df4b-9a2f-44e2-fd09-0eb0d16620ba", "yes_price": 99, "yes_price_dollars": "0.9900"}
{"count": 1, "count_fp": "1.00", "created_time": "2026-02-26T20:58:19.856704Z", "no_price": 3, "no_price_dollars": "0.0300", "price": 0.97, "taker_side": "yes", "ticker": "KXINX-26FEB26H1600-B6912", "trade_id": "bf30907f-d227-7e93-eb82-246ccc5e7bb3", "yes_price": 97, "yes_price_dollars": "0.9700"}
{"count": 9, "count_fp": "9.00", "created_time": "2026-02-26T20:58:19.856704Z", "no_price": 2, "no_price_dollars": "0.0200", "price": 0.98, "taker_side": "yes", "ticker": "KXINX-26FEB26H1600-B6912", "trade_id": "53065834-348e-782f-e477-326cd0d2951c", "yes_price": 98, "yes_price_dollars": "0.9800"}
{"count": 10, "count_fp": "10.00", "created_time": "2026-02-26T20:57:57.967544Z", "no_price": 4, "no_price_dollars": "0.0400", "price": 0.96, "taker_side": "yes", "ticker": "KXINX-26FEB26H1600-B6912", "trade_id": "f62cd10d-7c0c-5ddd-c25e-4c9faa0e682f", "yes_price": 96, "yes_price_dollars": "0.9600"}
{"count": 1, "count_fp": "1.00", "created_time": "2026-02-26T20:57:33.689321Z", "no_price": 6, "no_price_dollars": "0.0600", "price": 0.94, "taker_side": "yes", "ticker": "KXINX-26FEB26H1600-B6912", "trade_id": "36caaba5-387e-7475-0ed1-fafdeedb0545", "yes_price": 94, "yes_price_dollars": "0.9400"}
{"count": 44, "count_fp": "44.00", "created_time": "2026-02-26T20:57:10.081531Z", "no_price": 11, "no_price_dollars": "0.1100", "price": 0.89, "taker_side": "no", "ticker": "KXINX-26FEB26H1600-B6912", "trade_id": "4d820b02-62b6-5c88-32df-fc66048d046e", "yes_price": 89, "yes_price_dollars": "0.8900"}
{"count": 1, "count_fp": "1.00", "created_time": "2026-02-26T20:57:07.68711Z", "no_price": 6, "no_price_dollars": "0.0600", "price": 0.94, "taker_side": "no", "ticker": "KXINX-26FEB26H1600-B6912", "trade_id": "81c92692-9066-485e-cc45-f37e90212650", "yes_price": 94, "yes_price_dollars": "0.9400"}
{"count": 5, "count_fp": "5.00", "created_time": "2026-02-26T20:57:07.68711Z", "no_price": 7, "no_price_dollars": "0.0700", "price": 0.93, "taker_side": "no", "ticker": "KXINX-26FEB26H1600-B6912", "trade_id": "7842fa50-cce2-4034-d66c-5bce7c551040", "yes_price": 93, "yes_price_dollars": "0.9300"}
{"count": 10, "count_fp": "10.00", "created_time": "2026-02-26T20:56:55.121479Z", "no_price": 5, "no_price_dollars": "0.0500", "price": 0.95, "taker_side": "yes", "ticker": "KXINX-26FEB26H1600-B6912", "trade_id": "190bc7a6-2c47-7647-6b73-3c49071b7027", "yes_price": 95, "yes_price_dollars": "0.9500"}
{"count": 30, "count_fp": "30.00", "created_time": "2026-02-26T20:56:12.402106Z", "no_price": 12, "no_price_dollars": "0.1200", "price": 0.88, "taker_side": "yes", "ticker": "KXINX-26FEB26H1600-B6912", "trade_id": "38e814c2-a26e-70c7-2c02-a040df54d4be", "yes_price": 88, "yes_price_dollars": "0.8800"}
{"count": 10, "count_fp": "10.00", "created_time": "2026-02-26T20:55:33.384793Z", "no_price": 12, "no_price_dollars": "0.1200", "price": 0.88, "taker_side": "yes", "ticker": "KXINX-26FEB26H1600-B6912", "trade_id": "46d3d73e-3306-5663-1cb7-8067a9a71652", "yes_price": 88, "yes_price_dollars": "0.8800"}
{"count": 10, "count_fp": "10.00", "created_time": "2026-02-26T20:55:00.523008Z", "no_price": 12, "no_price_dollars": "0.1200", "price": 0.88, "taker_side": "yes", "ticker": "KXINX-26FEB26H1600-B6912", "trade_id": "9f9da9dc-bff2-4f2b-56b1-df811f49d20e", "yes_price": 88, "yes_price_dollars": "0.8800"}
{"count": 2, "count_fp": "2.00", "created_time": "2026-02-26T20:54:30.21077Z", "no_price": 22, "no_price_dollars": "0.2200", "price": 0.78, "taker_side": "yes", "ticker": "KXINX-26FEB26H1600-B6912", "trade_id": "04e0c527-e478-6009-716b-e8b68b982602", "yes_price": 78, "yes_price_dollars": "0.7800"}
{"count": 1, "count_fp": "1.00", "created_time": "2026-02-26T20:54:02.339608Z", "no_price": 23, "no_price_dollars": "0.2300", "price": 0.77, "taker_side": "no", "ticker": "KXINX-26FEB26H1600-B6912", "trade_id": "1058d896-13c3-5f84-d7a0-9f232131e8a6", "yes_price": 77, "yes_price_dollars": "0.7700"}
{"count": 2, "count_fp": "2.00", "created_time": "2026-02-26T20:53:40.217933Z", "no_price": 24, "no_price_dollars": "0.2400", "price": 0.76, "taker_side": "yes", "ticker": "KXINX-26FEB26H1600-B6912", "trade_id": "fc122ce1-15ad-624e-590e-da3f5335e103", "yes_price": 76, "yes_price_dollars": "0.7600"}
{"count": 1, "count_fp": "1.00", "created_time": "2026-02-26T20:53:24.431569Z", "no_price": 27, "no_price_dollars": "0.2700", "price": 0.73, "taker_side": "no", "ticker": "KXINX-26FEB26H1600-B6912", "trade_id": "05d40149-2349-51f6-7fbd-16b3ff6b8d0b", "yes_price": 73, "yes_price_dollars": "0.7300"}
{"count": 18, "count_fp": "18.00", "created_time": "2026-02-26T20:53:16.075715Z", "no_price": 23, "no_price_dollars": "0.2300", "price": 0.77, "taker_side": "no", "ticker": "KXINX-26FEB26H1600-B6912", "trade_id": "c5dafb4d-f3c0-4886-0bd1-76f5691b2e0e", "yes_price": 77, "yes_price_dollars": "0.7700"}
{"count": 10, "count_fp": "10.00", "created_time": "2026-02-26T20:53:15.718453Z", "no_price": 22, "no_price_dollars": "0.2200", "price": 0.78, "taker_side": "yes", "ticker": "KXINX-26FEB26H1600-B6912", "trade_id": "5a9c6ef7-dc0b-77e2-dca7-b99dc1f8acef", "yes_price": 78, "yes_price_dollars": "0.7800"}
{"count": 1, "count_fp": "1.00", "created_time": "2026-02-26T20:53:13.015081Z", "no_price": 21, "no_price_dollars": "0.2100", "price": 0.79, "taker_side": "no", "ticker": "KXINX-26FEB26H1600-B6912", "trade_id": "0e4da31b-2a97-4352-1cfc-313cc9d79acf", "yes_price": 79, "yes_price_dollars": "0.7900"}
{"count": 20, "count_fp": "20.00", "created_time": "2026-02-26T20:52:48.492837Z", "no_price": 20, "no_price_dollars": "0.2000", "price": 0.8, "taker_side": "no", "ticker": "KXINX-26FEB26H1600-B6912", "trade_id": "8db2c82c-641e-4230-3bc9-77885edf8c7f", "yes_price": 80, "yes_price_dollars": "0.8000"}
{"count": 16, "count_fp": "16.00", "created_time": "2026-02-26T20:52:37.995736Z", "no_price": 25, "no_price_dollars": "0.2500", "price": 0.75, "taker_side": "yes", "ticker": "KXINX-26FEB26H1600-B6912", "trade_id": "7ddcfea9-3fe1-64a9-6f92-fc97d4c97ee8", "yes_price": 75, "yes_price_dollars": "0.7500"}
{"count": 12, "count_fp": "12.00", "created_time": "2026-02-26T20:52:36.992898Z", "no_price": 26, "no_price_dollars": "0.2600", "price": 0.74, "taker_side": "no", "ticker": "KXINX-26FEB26H1600-B6912", "trade_id": "f8fed1cd-a521-6d27-6cfd-94b7e4592787", "yes_price": 74, "yes_price_dollars": "0.7400"}
{"count": 2, "count_fp": "2.00", "created_time": "2026-02-26T20:52:35.220274Z", "no_price": 28, "no_price_dollars": "0.2800", "price": 0.72, "taker_side": "yes", "ticker": "KXINX-26FEB26H1600-B6912", "trade_id": "461a21f1-afdf-61f8-7a31-84e72defd2b9", "yes_price": 72, "yes_price_dollars": "0.7200"}
{"count": 5, "count_fp": "5.00", "created_time": "2026-02-26T20:52:19.903233Z", "no_price": 30, "no_price_dollars": "0.3000", "price": 0.7, "taker_side": "no", "ticker": "KXINX-26FEB26H1600-B6912", "trade_id": "2920666a-2d0f-4c17-c5ed-48fc27239d9d", "yes_price": 70, "yes_price_dollars": "0.7000"}
{"count": 5, "count_fp": "5.00", "created_time": "2026-02-26T20:52:12.773493Z", "no_price": 27, "no_price_dollars": "0.2700", "price": 0.73, "taker_side": "no", "ticker": "KXINX-26FEB26H1600-B6912", "trade_id": "e8a2f25c-cd1a-4dba-49d3-6b8e09ead281", "yes_price": 73, "yes_price_dollars": "0.7300"}
{"count": 1, "count_fp": "1.00", "created_time": "2026-02-26T20:52:12.773493Z", "no_price": 27, "no_price_dollars": "0.2700", "price": 0.73, "taker_side": "no", "ticker": "KXINX-26FEB26H1600-B6912", "trade_id": "73a7d051-6321-4258-62eb-47d40b2f8b71", "yes_price": 73, "yes_price_dollars": "0.7300"}
{"count": 10, "count_fp": "10.00", "created_time": "2026-02-26T20:52:07.634723Z", "no_price": 22, "no_price_dollars": "0.2200", "price": 0.78, "taker_side": "yes", "ticker": "KXINX-26FEB26H1600-B6912", "trade_id": "d830ed00-6dcc-7ed4-a183-8daace2a45d9", "yes_price": 78, "yes_price_dollars": "0.7800"}
{"count": 2, "count_fp": "2.00", "created_time": "2026-02-26T20:52:03.046097Z", "no_price": 22, "no_price_dollars": "0.2200", "price": 0.78, "taker_side": "no", "ticker": "KXINX-26FEB26H1600-B6912", "trade_id": "a78eba4e-25e5-44cb-d422-a6a9675d0c81", "yes_price": 78, "yes_price_dollars": "0.7800"}
{"count": 2, "count_fp": "2.00", "created_time": "2026-02-26T20:51:38.323286Z", "no_price": 22, "no_price_dollars": "0.2200", "price": 0.78, "taker_side": "yes", "ticker": "KXINX-26FEB26H1600-B6912", "trade_id": "835529b1-c6a5-7961-c793-04263d238585", "yes_price": 78, "yes_price_dollars": "0.7800"}
{"count": 4, "count_fp": "4.00", "created_time": "2026-02-26T20:51:28.772103Z", "no_price": 24, "no_price_dollars": "0.2400", "price": 0.76, "taker_side": "no", "ticker": "KXINX-26FEB26H1600-B6912", "trade_id": "875d7096-2c0f-5d9a-b5c6-9808b68ac4c1", "yes_price": 76, "yes_price_dollars": "0.7600"}
{"count": 1, "count_fp": "1.00", "created_time": "2026-02-26T20:51:28.772103Z", "no_price": 24, "no_price_dollars": "0.2400", "price": 0.76, "taker_side": "no", "ticker": "KXINX-26FEB26H1600-B6912", "trade_id": "08bbc8c0-51e5-52cd-b318-189797595877", "yes_price": 76, "yes_price_dollars": "0.7600"}
{"count": 2, "count_fp": "2.00", "created_time": "2026-02-26T20:51:03.045789Z", "no_price": 23, "no_price_dollars": "0.2300", "price": 0.77, "taker_side": "yes", "ticker": "KXINX-26FEB26H1600-B6912", "trade_id": "515829d8-b8c3-7c2d-f978-e72b06bb951f", "yes_price": 77, "yes_price_dollars": "0.7700"}
{"count": 1, "count_fp": "1.00", "created_time": "2026-02-26T20:50:29.159669Z", "no_price": 22, "no_price_dollars": "0.2200", "price": 0.78, "taker_side": "no", "ticker": "KXINX-26FEB26H1600-B6912", "trade_id": "20e2e428-5442-474c-e738-14cc050f3209", "yes_price": 78, "yes_price_dollars": "0.7800"}
{"count": 4, "count_fp": "4.00", "created_time": "2026-02-26T20:50:26.997098Z", "no_price": 21, "no_price_dollars": "0.2100", "price": 0.79, "taker_side": "no", "ticker": "KXINX-26FEB26H1600-B6912", "trade_id": "b0b8f0f1-5476-442a-f5ac-2eaeaa93f0b2", "yes_price": 79, "yes_price_dollars": "0.7900"}
{"count": 7, "count_fp": "7.00", "created_time": "2026-02-26T20:50:15.544487Z", "no_price": 21, "no_price_dollars": "0.2100", "price": 0.79, "taker_side": "yes", "ticker": "KXINX-26FEB26H1600-B6912", "trade_id": "149ebd00-c690-7929-e6e9-0319d87ce60b", "yes_price": 79, "yes_price_dollars": "0.7900"}
{"count": 2, "count_fp": "2.00", "created_time": "2026-02-26T20:50:12.000753Z", "no_price": 20, "no_price_dollars": "0.2000", "price": 0.8, "taker_side": "no", "ticker": "KXINX-26FEB26H1600-B6912", "trade_id": "24c13b3c-51e5-79a8-e714-3a77309b8c08", "yes_price": 80, "yes_price_dollars": "0.8000"}
{"count": 10, "count_fp": "10.00", "created_time": "2026-02-26T20:50:09.439385Z", "no_price": 16, "no_price_dollars": "0.1600", "price": 0.84, "taker_side": "yes", "ticker": "KXINX-26FEB26H1600-B6912", "trade_id": "caee5ce6-d815-594c-01ad-367687ca11ee", "yes_price": 84, "yes_price_dollars": "0.8400"}
{"count": 10, "count_fp": "10.00", "created_time": "2026-02-26T20:49:43.30665Z", "no_price": 17, "no_price_dollars": "0.1700", "price": 0.83, "taker_side": "yes", "ticker": "KXINX-26FEB26H1600-B6912", "trade_id": "bc8f6e88-abe1-7a9a-9c0f-963ec4ccc8c6", "yes_price": 83, "yes_price_dollars": "0.8300"}
{"count": 10, "count_fp": "10.00", "created_time": "2026-02-26T20:48:56.494197Z", "no_price": 22, "no_price_dollars": "0.2200", "price": 0.78, "taker_side": "yes", "ticker": "KXINX-26FEB26H1600-B6912", "trade_id": "b6f6a925-c3f5-40e0-42f6-573a9ae766f8", "yes_price": 78, "yes_price_dollars": "0.7800"}
{"count": 124, "count_fp": "124.00", "created_time": "2026-02-26T20:48:35.368722Z", "no_price": 21, "no_price_dollars": "0.2100", "price": 0.79, "taker_side": "yes", "ticker": "KXINX-26FEB26H1600-B6912", "trade_id": "f88870b8-c859-70b8-327a-dc1c80fd0394", "yes_price": 79, "yes_price_dollars": "0.7900"}
{"count": 8, "count_fp": "8.00", "created_time": "2026-02-26T20:48:29.165544Z", "no_price": 24, "no_price_dollars": "0.2400", "price": 0.76, "taker_side": "yes", "ticker": "KXINX-26FEB26H1600-B6912", "trade_id": "02056b81-5ca6-7a41-d396-49a1ba838d68", "yes_price": 76, "yes_price_dollars": "0.7600"}
{"count": 10, "count_fp": "10.00", "created_time": "2026-02-26T20:47:43.690635Z", "no_price": 20, "no_price_dollars": "0.2000", "price": 0.8, "taker_side": "yes", "ticker": "KXINX-26FEB26H1600-B6912", "trade_id": "d7d9a45a-0b81-553c-efaf-c9a59661d990", "yes_price": 80, "yes_price_dollars": "0.8000"}
{"count": 1, "count_fp": "1.00", "created_time": "2026-02-26T20:46:24.356401Z", "no_price": 21, "no_price_dollars": "0.2100", "price": 0.79, "taker_side": "no", "ticker": "KXINX-26FEB26H1600-B6912", "trade_id": "d7b5a49e-fbb8-72b9-ce37-f991af60df32", "yes_price": 79, "yes_price_dollars": "0.7900"}
{"count": 8, "count_fp": "8.00", "created_time": "2026-02-26T20:46:16.31599Z", "no_price": 20, "no_price_dollars": "0.2000", "price": 0.8, "taker_side": "no", "ticker": "KXINX-26FEB26H1600-B6912", "trade_id": "fffd5606-4dbb-720f-e468-7cf2b42b8385", "yes_price": 80, "yes_price_dollars": "0.8000"}
{"count": 4, "count_fp": "4.00", "created_time": "2026-02-26T20:44:54.41591Z", "no_price": 14, "no_price_dollars": "0.1400", "price": 0.86, "taker_side": "yes", "ticker": "KXINX-26FEB26H1600-B6912", "trade_id": "5687f274-fbbd-7449-b2bd-7f1486232000", "yes_price": 86, "yes_price_dollars": "0.8600"}
{"count": 16, "count_fp": "16.00", "created_time": "2026-02-26T20:44:54.41591Z", "no_price": 15, "no_price_dollars": "0.1500", "price": 0.85, "taker_side": "yes", "ticker": "KXINX-26FEB26H1600-B6912", "trade_id": "21614fd4-2d6b-7b80-b894-26d2b4ab6fa0", "yes_price": 85, "yes_price_dollars": "0.8500"}
{"count": 12, "count_fp": "12.00", "created_time": "2026-02-26T20:44:27.335782Z", "no_price": 19, "no_price_dollars": "0.1900", "price": 0.81, "taker_side": "yes", "ticker": "KXINX-26FEB26H1600-B6912", "trade_id": "3736fbdc-89f3-72b7-fc6e-cccea679d320", "yes_price": 81, "yes_price_dollars": "0.8100"}
{"count": 1, "count_fp": "1.00", "created_time": "2026-02-26T20:44:27.335782Z", "no_price": 19, "no_price_dollars": "0.1900", "price": 0.81, "taker_side": "yes", "ticker": "KXINX-26FEB26H1600-B6912", "trade_id": "254b7cd4-53fb-79cc-f083-38ed1387ee41", "yes_price": 81, "yes_price_dollars": "0.8100"}
{"count": 1, "count_fp": "1.00", "created_time": "2026-02-26T20:43:59.151227Z", "no_price": 21, "no_price_dollars": "0.2100", "price": 0.79, "taker_side": "no", "ticker": "KXINX-26FEB26H1600-B6912", "trade_id": "d23e9f5d-7997-705b-3ff2-24db1f1bd532", "yes_price": 79, "yes_price_dollars": "0.7900"}
{"count": 44, "count_fp": "44.00", "created_time": "2026-02-26T20:43:59.151227Z", "no_price": 22, "no_price_dollars": "0.2200", "price": 0.78, "taker_side": "no", "ticker": "KXINX-26FEB26H1600-B6912", "trade_id": "3131167a-69ab-7a38-271c-99cf72aa4c6f", "yes_price": 78, "yes_price_dollars": "0.7800"}
{"count": 1, "count_fp": "1.00", "created_time": "2026-02-26T20:42:53.979449Z", "no_price": 22, "no_price_dollars": "0.2200", "price": 0.78, "taker_side": "yes", "ticker": "KXINX-26FEB26H1600-B6912", "trade_id": "03c20518-4fea-766d-e0b5-a4c14984134e", "yes_price": 78, "yes_price_dollars": "0.7800"}
{"count": 1, "count_fp": "1.00", "created_time": "2026-02-26T20:41:44.472466Z", "no_price": 20, "no_price_dollars": "0.2000", "price": 0.8, "taker_side": "no", "ticker": "KXINX-26FEB26H1600-B6912", "trade_id": "b1806f23-e4ed-7162-dc2c-037466cbb712", "yes_price": 80, "yes_price_dollars": "0.8000"}
{"count": 3, "count_fp": "3.00", "created_time": "2026-02-26T20:41:44.472466Z", "no_price": 20, "no_price_dollars": "0.2000", "price": 0.8, "taker_side": "no", "ticker": "KXINX-26FEB26H1600-B6912", "trade_id": "af752bac-80d2-711f-e2cc-c8a87262bef8", "yes_price": 80, "yes_price_dollars": "0.8000"}
{"count": 1, "count_fp": "1.00", "created_time": "2026-02-26T20:40:51.336807Z", "no_price": 20, "no_price_dollars": "0.2000", "price": 0.8, "taker_side": "no", "ticker": "KXINX-26FEB26H1600-B6912", "trade_id": "f7e94b8c-d214-7e79-a1a8-5846ca6f737b", "yes_price": 80, "yes_price_dollars": "0.8000"}
{"count": 3, "count_fp": "3.00", "created_time": "2026-02-26T20:40:51.336807Z", "no_price": 20, "no_price_dollars": "0.2000", "price": 0.8, "taker_side": "no", "ticker": "KXINX-26FEB26H1600-B6912", "trade_id": "b8967b8e-1700-7b42-8051-1dd13f4cbea3", "yes_price": 80, "yes_price_dollars": "0.8000"}
{"count": 42, "count_fp": "42.00", "created_time": "2026-02-26T20:40:51.336807Z", "no_price": 21, "no_price_dollars": "0.2100", "price": 0.79, "taker_side": "no", "ticker": "KXINX-26FEB26H1600-B6912", "trade_id": "b1685720-13e0-7e58-8a36-2fa675491f09", "yes_price": 79, "yes_price_dollars": "0.7900"}
{"count": 3, "count_fp": "3.00", "created_time": "2026-02-26T20:40:24.94621Z", "no_price": 20, "no_price_dollars": "0.2000", "price": 0.8, "taker_side": "yes", "ticker": "KXINX-26FEB26H1600-B6912", "trade_id": "105bf61a-f8c1-728c-e287-8404aa5ffd0a", "yes_price": 80, "yes_price_dollars": "0.8000"}
{"count": 6, "count_fp": "6.00", "created_time": "2026-02-26T20:40:15.148643Z", "no_price": 47, "no_price_dollars": "0.4700", "price": 0.53, "taker_side": "yes", "ticker": "KXINX-26FEB26H1600-B6912", "trade_id": "d1c684ca-80b3-7ebd-cf03-0aecc89513fe", "yes_price": 53, "yes_price_dollars": "0.5300"}
{"count": 4, "count_fp": "4.00", "created_time": "2026-02-26T20:40:15.148643Z", "no_price": 48, "no_price_dollars": "0.4800", "price": 0.52, "taker_side": "yes", "ticker": "KXINX-26FEB26H1600-B6912", "trade_id": "d03fb484-0b02-7e8e-e4e0-a2e5f12e60f8", "yes_price": 52, "yes_price_dollars": "0.5200"}
{"count": 1, "count_fp": "1.00", "created_time": "2026-02-26T20:40:15.148643Z", "no_price": 47, "no_price_dollars": "0.4700", "price": 0.53, "taker_side": "yes", "ticker": "KXINX-26FEB26H1600-B6912", "trade_id": "a996b6e7-c814-74ff-c602-55c56183b5ba", "yes_price": 53, "yes_price_dollars": "0.5300"}
{"count": 12, "count_fp": "12.00", "created_time": "2026-02-26T20:40:15.148643Z", "no_price": 47, "no_price_dollars": "0.4700", "price": 0.53, "taker_side": "yes", "ticker": "KXINX-26FEB26H1600-B6912", "trade_id": "71a35235-32cf-7f1b-e562-50bc94be6da9", "yes_price": 53, "yes_price_dollars": "0.5300"}
{"count": 2, "count_fp": "2.00", "created_time": "2026-02-26T20:40:07.241651Z", "no_price": 56, "no_price_dollars": "0.5600", "price": 0.44, "taker_side": "no", "ticker": "KXINX-26FEB26H1600-B6912", "trade_id": "ffa0b131-6948-6b97-90cd-cbda9f6b6ffb", "yes_price": 44, "yes_price_dollars": "0.4400"}
{"count": 31, "count_fp": "31.00", "created_time": "2026-02-26T20:40:07.241651Z", "no_price": 58, "no_price_dollars": "0.5800", "price": 0.42, "taker_side": "no", "ticker": "KXINX-26FEB26H1600-B6912", "trade_id": "cb18fdaf-6098-6119-976b-d7fd8f7aa26a", "yes_price": 42, "yes_price_dollars": "0.4200"}
{"count": 7, "count_fp": "7.00", "created_time": "2026-02-26T20:40:07.241651Z", "no_price": 55, "no_price_dollars": "0.5500", "price": 0.45, "taker_side": "no", "ticker": "KXINX-26FEB26H1600-B6912", "trade_id": "a3e60286-aa15-6907-b746-c41e0bd4ba1c", "yes_price": 45, "yes_price_dollars": "0.4500"}
{"count": 2, "count_fp": "2.00", "created_time": "2026-02-26T20:40:07.241651Z", "no_price": 55, "no_price_dollars": "0.5500", "price": 0.45, "taker_side": "no", "ticker": "KXINX-26FEB26H1600-B6912", "trade_id": "53e97e86-729d-60ed-a00a-7b40a0f8a5ba", "yes_price": 45, "yes_price_dollars": "0.4500"}
{"count": 1, "count_fp": "1.00", "created_time": "2026-02-26T20:39:25.319619Z", "no_price": 56, "no_price_dollars": "0.5600", "price": 0.44, "taker_side": "yes", "ticker": "KXINX-26FEB26H1600-B6912", "trade_id": "5b2009a1-d4db-476f-116a-f61c1affd846", "yes_price": 44, "yes_price_dollars": "0.4400"}
{"count": 100, "count_fp": "100.00", "created_time": "2026-02-26T20:37:51.506045Z", "no_price": 56, "no_price_dollars": "0.5600", "price": 0.44, "taker_side": "no", "ticker": "KXINX-26FEB26H1600-B6912", "trade_id": "f8228fa0-b709-753a-e9ab-1fcd02c6136d", "yes_price": 44, "yes_price_dollars": "0.4400"}
{"count": 1, "count_fp": "1.00", "created_time": "2026-02-26T20:37:51.506045Z", "no_price": 56, "no_price_dollars": "0.5600", "price": 0.44, "taker_side": "no", "ticker": "KXINX-26FEB26H1600-B6912", "trade_id": "aed5af55-52fa-798d-f1f1-7ec6d096caf7", "yes_price": 44, "yes_price_dollars": "0.4400"}
{"count": 500, "count_fp": "500.00", "created_time": "2026-02-26T20:37:24.785644Z", "no_price": 55, "no_price_dollars": "0.5500", "price": 0.45, "taker_side": "yes", "ticker": "KXINX-26FEB26H1600-B6912", "trade_id": "46b03eba-68e5-42a0-667b-0a25b840f1dc", "yes_price": 45, "yes_price_dollars": "0.4500"}
{"count": 4, "count_fp": "4.00", "created_time": "2026-02-26T20:37:01.481118Z", "no_price": 55, "no_price_dollars": "0.5500", "price": 0.45, "taker_side": "yes", "ticker": "KXINX-26FEB26H1600-B6912", "trade_id": "ea80a6e5-ee19-446c-5a69-d890efb7e31c", "yes_price": 45, "yes_price_dollars": "0.4500"}
{"count": 1, "count_fp": "1.00", "created_time": "2026-02-26T20:37:01.481118Z", "no_price": 55, "no_price_dollars": "0.5500", "price": 0.45, "taker_side": "yes", "ticker": "KXINX-26FEB26H1600-B6912", "trade_id": "1bfab811-206f-4a1a-7ee7-ea2b392727ed", "yes_price": 45, "yes_price_dollars": "0.4500"}
{"count": 2, "count_fp": "2.00", "created_time": "2026-02-26T20:36:58.763541Z", "no_price": 55, "no_price_dollars": "0.5500", "price": 0.45, "taker_side": "yes", "ticker": "KXINX-26FEB26H1600-B6912", "trade_id": "e985643d-5727-5ca7-ce16-672ae0eca03d", "yes_price": 45, "yes_price_dollars": "0.4500"}
{"count": 8, "count_fp": "8.00", "created_time": "2026-02-26T20:36:58.763541Z", "no_price": 55, "no_price_dollars": "0.5500", "price": 0.45, "taker_side": "yes", "ticker": "KXINX-26FEB26H1600-B6912", "trade_id": "28aaa4c0-30a1-56b4-ed49-86dda14eef20", "yes_price": 45, "yes_price_dollars": "0.4500"}
{"count": 10, "count_fp": "10.00", "created_time": "2026-02-26T20:36:32.224849Z", "no_price": 55, "no_price_dollars": "0.5500", "price": 0.45, "taker_side": "yes", "ticker": "KXINX-26FEB26H1600-B6912", "trade_id": "50f2199d-fcaf-5d33-6c74-cfd12e79d4b9", "yes_price": 45, "yes_price_dollars": "0.4500"}
{"count": 5, "count_fp": "5.00", "created_time": "2026-02-26T20:36:19.296507Z", "no_price": 56, "no_price_dollars": "0.5600", "price": 0.44, "taker_side": "yes", "ticker": "KXINX-26FEB26H1600-B6912", "trade_id": "c18f4e56-1f1d-41f8-ba0c-c54fc12ff674", "yes_price": 44, "yes_price_dollars": "0.4400"}
{"count": 1, "count_fp": "1.00", "created_time": "2026-02-26T20:36:16.791074Z", "no_price": 59, "no_price_dollars": "0.5900", "price": 0.41, "taker_side": "yes", "ticker": "KXINX-26FEB26H1600-B6912", "trade_id": "b3a06180-eedd-41c8-36e4-2c2828d1a53e", "yes_price": 41, "yes_price_dollars": "0.4100"}
{"count": 916, "count_fp": "916.00", "created_time": "2026-02-26T20:36:16.791074Z", "no_price": 59, "no_price_dollars": "0.5900", "price": 0.41, "taker_side": "yes", "ticker": "KXINX-26FEB26H1600-B6912", "trade_id": "75fad22d-e59c-4472-1c77-8eddfcf92b7e", "yes_price": 41, "yes_price_dollars": "0.4100"}
{"count": 246, "count_fp": "246.00", "created_time": "2026-02-26T20:36:16.791074Z", "no_price": 56, "no_price_dollars": "0.5600", "price": 0.44, "taker_side": "yes", "ticker": "KXINX-26FEB26H1600-B6912", "trade_id": "0f5d7344-55ad-488c-360c-1a4e81257fdc", "yes_price": 44, "yes_price_dollars": "0.4400"}
{"count": 13, "count_fp": "13.00", "created_time": "2026-02-26T20:36:16.791074Z", "no_price": 56, "no_price_dollars": "0.5600", "price": 0.44, "taker_side": "yes", "ticker": "KXINX-26FEB26H1600-B6912", "trade_id": "0bacbec7-73d1-483f-165e-638eba641be5", "yes_price": 44, "yes_price_dollars": "0.4400"}
{"count": 41, "count_fp": "41.00", "created_time": "2026-02-26T20:34:14.505961Z", "no_price": 59, "no_price_dollars": "0.5900", "price": 0.41, "taker_side": "yes", "ticker": "KXINX-26FEB26H1600-B6912", "trade_id": "3410c764-ccf4-6e8e-2dce-065350159882", "yes_price": 41, "yes_price_dollars": "0.4100"}
{"count": 3, "count_fp": "3.00", "created_time": "2026-02-26T20:32:20.036902Z", "no_price": 59, "no_price_dollars": "0.5900", "price": 0.41, "taker_side": "yes", "ticker": "KXINX-26FEB26H1600-B6912", "trade_id": "3b98333d-7cbc-6052-ae73-7180212d884a", "yes_price": 41, "yes_price_dollars": "0.4100"}
{"count": 40, "count_fp": "40.00", "created_time": "2026-02-26T20:32:07.3512Z", "no_price": 59, "no_price_dollars": "0.5900", "price": 0.41, "taker_side": "yes", "ticker": "KXINX-26FEB26H1600-B6912", "trade_id": "c4275af3-7384-4f56-c577-8790b6cd288a", "yes_price": 41, "yes_price_dollars": "0.4100"}
{"count": 2, "count_fp": "2.00", "created_time": "2026-02-26T20:28:39.068412Z", "no_price": 57, "no_price_dollars": "0.5700", "price": 0.43, "taker_side": "yes", "ticker": "KXINX-26FEB26H1600-B6912", "trade_id": "2c4c56e7-6694-58c9-1ea8-3ef8915ef992", "yes_price": 43, "yes_price_dollars": "0.4300"}
{"count": 1, "count_fp": "1.00", "created_time": "2026-02-26T20:28:39.068412Z", "no_price": 57, "no_price_dollars": "0.5700", "price": 0.43, "taker_side": "yes", "ticker": "KXINX-26FEB26H1600-B6912", "trade_id": "09ae46c0-b159-55f0-26fb-e77cc550cd68", "yes_price": 43, "yes_price_dollars": "0.4300"}
{"count": 570, "count_fp": "570.00", "created_time": "2026-02-26T20:21:22.311368Z", "no_price": 57, "no_price_dollars": "0.5700", "price": 0.43, "taker_side": "yes", "ticker": "KXINX-26FEB26H1600-B6912", "trade_id": "d2a99b27-abdd-7ce8-8a5f-c59247b91ba4", "yes_price": 43, "yes_price_dollars": "0.4300"}
{"count": 20, "count_fp": "20.00", "created_time": "2026-02-26T20:19:17.920717Z", "no_price": 59, "no_price_dollars": "0.5900", "price": 0.41, "taker_side": "no", "ticker": "KXINX-26FEB26H1600-B6912", "trade_id": "69d39e8f-5413-5133-cb48-4ce6077f64a6", "yes_price": 41, "yes_price_dollars": "0.4100"}
{"count": 20, "count_fp": "20.00", "created_time": "2026-02-26T20:15:46.449434Z", "no_price": 59, "no_price_dollars": "0.5900", "price": 0.41, "taker_side": "no", "ticker": "KXINX-26FEB26H1600-B6912", "trade_id": "f4305cc1-e4bd-7788-e926-d266eecdebf5", "yes_price": 41, "yes_price_dollars": "0.4100"}
{"count": 60, "count_fp": "60.00", "created_time": "2026-02-26T20:15:46.449434Z", "no_price": 59, "no_price_dollars": "0.5900", "price": 0.41, "taker_side": "no", "ticker": "KXINX-26FEB26H1600-B6912", "trade_id": "bdded433-c7f1-7282-cc90-09665393bb4e", "yes_price": 41, "yes_price_dollars": "0.4100"}
{"count": 20, "count_fp": "20.00", "created_time": "2026-02-26T20:14:49.333205Z", "no_price": 58, "no_price_dollars": "0.5800", "price": 0.42, "taker_side": "no", "ticker": "KXINX-26FEB26H1600-B6912", "trade_id": "647b6519-42c6-7ca9-f2d9-5b36d3fad5b7", "yes_price": 42, "yes_price_dollars": "0.4200"}
{"count": 1, "count_fp": "1.00", "created_time": "2026-02-26T20:14:49.333205Z", "no_price": 58, "no_price_dollars": "0.5800", "price": 0.42, "taker_side": "no", "ticker": "KXINX-26FEB26H1600-B6912", "trade_id": "5791a0f9-c76c-7dbe-c2ff-7d956ac66b33", "yes_price": 42, "yes_price_dollars": "0.4200"}
{"count": 20, "count_fp": "20.00", "created_time": "2026-02-26T20:14:20.55368Z", "no_price": 57, "no_price_dollars": "0.5700", "price": 0.43, "taker_side": "yes", "ticker": "KXINX-26FEB26H1600-B6912", "trade_id": "16772779-b0e5-406c-a843-c00cf8c5610c", "yes_price": 43, "yes_price_dollars": "0.4300"}
{"count": 10, "count_fp": "10.00", "created_time": "2026-02-26T20:14:09.20415Z", "no_price": 57, "no_price_dollars": "0.5700", "price": 0.43, "taker_side": "yes", "ticker": "KXINX-26FEB26H1600-B6912", "trade_id": "e82b1fbc-0799-7e08-2f00-4adbc7de4ca4", "yes_price": 43, "yes_price_dollars": "0.4300"}
{"count": 1, "count_fp": "1.00", "created_time": "2026-02-26T20:12:14.828021Z", "no_price": 57, "no_price_dollars": "0.5700", "price": 0.43, "taker_side": "yes", "ticker": "KXINX-26FEB26H1600-B6912", "trade_id": "260c255f-a6d5-6bc0-de0c-cb061b8a9408", "yes_price": 43, "yes_price_dollars": "0.4300"}
{"count": 20, "count_fp": "20.00", "created_time": "2026-02-26T20:09:27.372372Z", "no_price": 57, "no_price_dollars": "0.5700", "price": 0.43, "taker_side": "no", "ticker": "KXINX-26FEB26H1600-B6912", "trade_id": "1e288eaf-3b30-7905-c729-8a5eafbb3acf", "yes_price": 43, "yes_price_dollars": "0.4300"}
{"count": 2, "count_fp": "2.00", "created_time": "2026-02-26T20:05:24.905548Z", "no_price": 58, "no_price_dollars": "0.5800", "price": 0.42, "taker_side": "yes", "ticker": "KXINX-26FEB26H1600-B6912", "trade_id": "f163eabb-19d9-63dc-cbcf-a563de3ee244", "yes_price": 42, "yes_price_dollars": "0.4200"}
{"count": 222, "count_fp": "222.00", "created_time": "2026-02-26T20:03:32.652974Z", "no_price": 57, "no_price_dollars": "0.5700", "price": 0.43, "taker_side": "yes", "ticker": "KXINX-26FEB26H1600-B6912", "trade_id": "ea2dcef9-4461-48c4-f95a-c0769ab6db20", "yes_price": 43, "yes_price_dollars": "0.4300"}
{"count": 45, "count_fp": "45.00", "created_time": "2026-02-26T20:03:28.954715Z", "no_price": 57, "no_price_dollars": "0.5700", "price": 0.43, "taker_side": "yes", "ticker": "KXINX-26FEB26H1600-B6912", "trade_id": "5e3c8ea1-182d-6e2c-ece5-8bb6a8e32428", "yes_price": 43, "yes_price_dollars": "0.4300"}
{"count": 4, "count_fp": "4.00", "created_time": "2026-02-26T20:01:36.942311Z", "no_price": 58, "no_price_dollars": "0.5800", "price": 0.42, "taker_side": "yes", "ticker": "KXINX-26FEB26H1600-B6912", "trade_id": "180c57dd-2a61-55e0-35d2-eec7869bae98", "yes_price": 42, "yes_price_dollars": "0.4200"}
{"count": 20, "count_fp": "20.00", "created_time": "2026-02-26T20:00:13.295127Z", "no_price": 59, "no_price_dollars": "0.5900", "price": 0.41, "taker_side": "no", "ticker": "KXINX-26FEB26H1600-B6912", "trade_id": "c9785e68-8ab7-7749-daa7-49739eb7055b", "yes_price": 41, "yes_price_dollars": "0.4100"}
{"count": 1, "count_fp": "1.00", "created_time": "2026-02-26T19:56:02.635024Z", "no_price": 58, "no_price_dollars": "0.5800", "price": 0.42, "taker_side": "no", "ticker": "KXINX-26FEB26H1600-B6912", "trade_id": "15f86036-bc81-4f7f-1cd4-8cccc566dc13", "yes_price": 42, "yes_price_dollars": "0.4200"}
{"count": 8, "count_fp": "8.00", "created_time": "2026-02-26T19:55:32.565046Z", "no_price": 60, "no_price_dollars": "0.6000", "price": 0.4, "taker_side": "yes", "ticker": "KXINX-26FEB26H1600-B6912", "trade_id": "a492ec03-6d7f-6b42-de4a-a54d41e52a9c", "yes_price": 40, "yes_price_dollars": "0.4000"}
{"count": 24, "count_fp": "24.00", "created_time": "2026-02-26T19:46:38.857014Z", "no_price": 60, "no_price_dollars": "0.6000", "price": 0.4, "taker_side": "yes", "ticker": "KXINX-26FEB26H1600-B6912", "trade_id": "63ffa33f-1dcb-5652-80d1-8bb976d989dc", "yes_price": 40, "yes_price_dollars": "0.4000"}
{"count": 1, "count_fp": "1.00", "created_time": "2026-02-26T19:41:30.904629Z", "no_price": 61, "no_price_dollars": "0.6100", "price": 0.39, "taker_side": "yes", "ticker": "KXINX-26FEB26H1600-B6912", "trade_id": "5b4ce8ea-80d9-45ea-5266-ca391db3ffd1", "yes_price": 39, "yes_price_dollars": "0.3900"}
{"count": 50, "count_fp": "50.00", "created_time": "2026-02-26T19:41:30.904629Z", "no_price": 60, "no_price_dollars": "0.6000", "price": 0.4, "taker_side": "yes", "ticker": "KXINX-26FEB26H1600-B6912", "trade_id": "40c6d8df-1b9b-48b2-4e0f-b8e3ec4d4c48", "yes_price": 40, "yes_price_dollars": "0.4000"}
{"count": 11, "count_fp": "11.00", "created_time": "2026-02-26T19:33:17.028674Z", "no_price": 60, "no_price_dollars": "0.6000", "price": 0.4, "taker_side": "yes", "ticker": "KXINX-26FEB26H1600-B6912", "trade_id": "30b18bf7-c0eb-526a-acf0-c34615289994", "yes_price": 40, "yes_price_dollars": "0.4000"}
{"count": 1, "count_fp": "1.00", "created_time": "2026-02-26T19:33:17.028674Z", "no_price": 64, "no_price_dollars": "0.6400", "price": 0.36, "taker_side": "yes", "ticker": "KXINX-26FEB26H1600-B6912", "trade_id": "1c6530e7-823d-511a-b3e6-e3c80a029e32", "yes_price": 36, "yes_price_dollars": "0.3600"}
{"count": 40, "count_fp": "40.00", "created_time": "2026-02-26T19:29:08.844983Z", "no_price": 65, "no_price_dollars": "0.6500", "price": 0.35, "taker_side": "yes", "ticker": "KXINX-26FEB26H1600-B6912", "trade_id": "f91c3c8b-3398-5b32-e24a-d91149b9c1e5", "yes_price": 35, "yes_price_dollars": "0.3500"}
{"count": 40, "count_fp": "40.00", "created_time": "2026-02-26T19:29:08.844983Z", "no_price": 62, "no_price_dollars": "0.6200", "price": 0.38, "taker_side": "yes", "ticker": "KXINX-26FEB26H1600-B6912", "trade_id": "5cabf026-5fa2-5cab-d8ac-e1ed914b051a", "yes_price": 38, "yes_price_dollars": "0.3800"}
{"count": 20, "count_fp": "20.00", "created_time": "2026-02-26T19:26:03.726422Z", "no_price": 65, "no_price_dollars": "0.6500", "price": 0.35, "taker_side": "no", "ticker": "KXINX-26FEB26H1600-B6912", "trade_id": "0f71fe78-c8b6-47ab-0bb4-9665703ec616", "yes_price": 35, "yes_price_dollars": "0.3500"}
{"count": 1, "count_fp": "1.00", "created_time": "2026-02-26T19:25:51.327703Z", "no_price": 65, "no_price_dollars": "0.6500", "price": 0.35, "taker_side": "no", "ticker": "KXINX-26FEB26H1600-B6912", "trade_id": "a80ca2fc-0f34-4b06-0186-87b388cb023f", "yes_price": 35, "yes_price_dollars": "0.3500"}
{"count": 20, "count_fp": "20.00", "created_time": "2026-02-26T19:25:51.327703Z", "no_price": 65, "no_price_dollars": "0.6500", "price": 0.35, "taker_side": "no", "ticker": "KXINX-26FEB26H1600-B6912", "trade_id": "775495f0-ee63-4a58-16a5-4e8b2ab0e034", "yes_price": 35, "yes_price_dollars": "0.3500"}
{"count": 20, "count_fp": "20.00", "created_time": "2026-02-26T19:25:39.748927Z", "no_price": 64, "no_price_dollars": "0.6400", "price": 0.36, "taker_side": "no", "ticker": "KXINX-26FEB26H1600-B6912", "trade_id": "644d9038-5f02-4494-20d1-157f16b639d6", "yes_price": 36, "yes_price_dollars": "0.3600"}
{"count": 1, "count_fp": "1.00", "created_time": "2026-02-26T19:19:45.363255Z", "no_price": 63, "no_price_dollars": "0.6300", "price": 0.37, "taker_side": "yes", "ticker": "KXINX-26FEB26H1600-B6912", "trade_id": "98cfecaf-89a2-604c-79e3-afbf63035b53", "yes_price": 37, "yes_price_dollars": "0.3700"}
{"count": 131, "count_fp": "131.00", "created_time": "2026-02-26T19:19:45.363255Z", "no_price": 63, "no_price_dollars": "0.6300", "price": 0.37, "taker_side": "yes", "ticker": "KXINX-26FEB26H1600-B6912", "trade_id": "64e49f2d-bbd2-6703-7075-ebb8b984c552", "yes_price": 37, "yes_price_dollars": "0.3700"}
{"count": 1, "count_fp": "1.00", "created_time": "2026-02-26T19:18:34.391217Z", "no_price": 63, "no_price_dollars": "0.6300", "price": 0.37, "taker_side": "no", "ticker": "KXINX-26FEB26H1600-B6912", "trade_id": "2cbf4eff-8242-4bd0-0360-c10984fbbafc", "yes_price": 37, "yes_price_dollars": "0.3700"}
{"count": 20, "count_fp": "20.00", "created_time": "2026-02-26T19:18:32.317592Z", "no_price": 62, "no_price_dollars": "0.6200", "price": 0.38, "taker_side": "no", "ticker": "KXINX-26FEB26H1600-B6912", "trade_id": "f4c18021-9803-51c8-f8d1-7b1e73c9d3b4", "yes_price": 38, "yes_price_dollars": "0.3800"}
{"count": 1, "count_fp": "1.00", "created_time": "2026-02-26T19:16:11.733977Z", "no_price": 63, "no_price_dollars": "0.6300", "price": 0.37, "taker_side": "yes", "ticker": "KXINX-26FEB26H1600-B6912", "trade_id": "a4d93582-2cfc-7303-b975-4a1d8ebbc762", "yes_price": 37, "yes_price_dollars": "0.3700"}
{"count": 30, "count_fp": "30.00", "created_time": "2026-02-26T19:16:11.733977Z", "no_price": 63, "no_price_dollars": "0.6300", "price": 0.37, "taker_side": "yes", "ticker": "KXINX-26FEB26H1600-B6912", "trade_id": "414304e7-2f95-7578-900c-962b31d56e54", "yes_price": 37, "yes_price_dollars": "0.3700"}
{"count": 2, "count_fp": "2.00", "created_time": "2026-02-26T19:14:12.476809Z", "no_price": 63, "no_price_dollars": "0.6300", "price": 0.37, "taker_side": "yes", "ticker": "KXINX-26FEB26H1600-B6912", "trade_id": "96914156-496c-7428-7fdb-e4b3c8b3e751", "yes_price": 37, "yes_price_dollars": "0.3700"}
{"count": 998, "count_fp": "998.00", "created_time": "2026-02-26T19:14:12.476809Z", "no_price": 63, "no_price_dollars": "0.6300", "price": 0.37, "taker_side": "yes", "ticker": "KXINX-26FEB26H1600-B6912", "trade_id": "4cea1080-03aa-7ea1-74a3-f89613297df5", "yes_price": 37, "yes_price_dollars": "0.3700"}
{"count": 2, "count_fp": "2.00", "created_time": "2026-02-26T19:09:51.541835Z", "no_price": 67, "no_price_dollars": "0.6700", "price": 0.33, "taker_side": "yes", "ticker": "KXINX-26FEB26H1600-B6912", "trade_id": "9d543f79-8d1a-7859-040b-9147b92a23ba", "yes_price": 33, "yes_price_dollars": "0.3300"}
{"count": 1, "count_fp": "1.00", "created_time": "2026-02-26T19:03:00.300206Z", "no_price": 68, "no_price_dollars": "0.6800", "price": 0.32, "taker_side": "no", "ticker": "KXINX-26FEB26H1600-B6912", "trade_id": "3422fe8f-8b39-5d9f-38fb-7c199f99281a", "yes_price": 32, "yes_price_dollars": "0.3200"}
{"count": 1, "count_fp": "1.00", "created_time": "2026-02-26T19:02:55.533644Z", "no_price": 68, "no_price_dollars": "0.6800", "price": 0.32, "taker_side": "no", "ticker": "KXINX-26FEB26H1600-B6912", "trade_id": "b83e571c-5a21-7d37-4692-d31c6c67fd76", "yes_price": 32, "yes_price_dollars": "0.3200"}
{"count": 2, "count_fp": "2.00", "created_time": "2026-02-26T18:49:43.232814Z", "no_price": 66, "no_price_dollars": "0.6600", "price": 0.34, "taker_side": "yes", "ticker": "KXINX-26FEB26H1600-B6912", "trade_id": "cd395714-79a8-5851-bfbb-c1e77859a85e", "yes_price": 34, "yes_price_dollars": "0.3400"}
{"count": 3, "count_fp": "3.00", "created_time": "2026-02-26T18:49:43.232814Z", "no_price": 66, "no_price_dollars": "0.6600", "price": 0.34, "taker_side": "yes", "ticker": "KXINX-26FEB26H1600-B6912", "trade_id": "a14f7855-e51a-59b7-b1b8-ed73ed2ba140", "yes_price": 34, "yes_price_dollars": "0.3400"}
{"count": 20, "count_fp": "20.00", "created_time": "2026-02-26T18:47:16.275413Z", "no_price": 67, "no_price_dollars": "0.6700", "price": 0.33, "taker_side": "no", "ticker": "KXINX-26FEB26H1600-B6912", "trade_id": "358b0683-c704-5464-a992-d7ff8529787f", "yes_price": 33, "yes_price_dollars": "0.3300"}
{"count": 2, "count_fp": "2.00", "created_time": "2026-02-26T18:47:13.840799Z", "no_price": 66, "no_price_dollars": "0.6600", "price": 0.34, "taker_side": "no", "ticker": "KXINX-26FEB26H1600-B6912", "trade_id": "bd5a85ec-4999-70ac-260e-eb4fc447e3a6", "yes_price": 34, "yes_price_dollars": "0.3400"}
{"count": 2, "count_fp": "2.00", "created_time": "2026-02-26T18:46:44.310595Z", "no_price": 65, "no_price_dollars": "0.6500", "price": 0.35, "taker_side": "no", "ticker": "KXINX-26FEB26H1600-B6912", "trade_id": "d98a2524-10c1-600a-5379-d9e9d86970b0", "yes_price": 35, "yes_price_dollars": "0.3500"}
{"count": 12, "count_fp": "12.00", "created_time": "2026-02-26T18:45:43.946791Z", "no_price": 63, "no_price_dollars": "0.6300", "price": 0.37, "taker_side": "yes", "ticker": "KXINX-26FEB26H1600-B6912", "trade_id": "d3b2c7ef-c34d-5c95-5da0-cccddca91c40", "yes_price": 37, "yes_price_dollars": "0.3700"}
{"count": 24, "count_fp": "24.00", "created_time": "2026-02-26T18:45:43.946791Z", "no_price": 60, "no_price_dollars": "0.6000", "price": 0.4, "taker_side": "yes", "ticker": "KXINX-26FEB26H1600-B6912", "trade_id": "bfc53cb1-ee3b-51ea-4aae-42ef8079eeb8", "yes_price": 40, "yes_price_dollars": "0.4000"}
{"count": 2, "count_fp": "2.00", "created_time": "2026-02-26T18:45:43.946791Z", "no_price": 69, "no_price_dollars": "0.6900", "price": 0.31, "taker_side": "yes", "ticker": "KXINX-26FEB26H1600-B6912", "trade_id": "3c39c2a4-bf67-5c89-5979-f5de7e5e4ca3", "yes_price": 31, "yes_price_dollars": "0.3100"}
{"count": 2, "count_fp": "2.00", "created_time": "2026-02-26T18:40:18.088019Z", "no_price": 69, "no_price_dollars": "0.6900", "price": 0.31, "taker_side": "no", "ticker": "KXINX-26FEB26H1600-B6912", "trade_id": "8d7a7bc6-38f9-7bd5-6675-4644f46520f3", "yes_price": 31, "yes_price_dollars": "0.3100"}
{"count": 20, "count_fp": "20.00", "created_time": "2026-02-26T18:21:09.143278Z", "no_price": 84, "no_price_dollars": "0.8400", "price": 0.16, "taker_side": "yes", "ticker": "KXINX-26FEB26H1600-B6912", "trade_id": "f44e8119-c16e-7656-563a-04a557f01af1", "yes_price": 16, "yes_price_dollars": "0.1600"}
{"count": 20, "count_fp": "20.00", "created_time": "2026-02-26T18:11:08.414288Z", "no_price": 86, "no_price_dollars": "0.8600", "price": 0.14, "taker_side": "yes", "ticker": "KXINX-26FEB26H1600-B6912", "trade_id": "e91af165-677f-6c0d-a259-5f0762d7db7d", "yes_price": 14, "yes_price_dollars": "0.1400"}
{"count": 1, "count_fp": "1.00", "created_time": "2026-02-26T17:55:37.423531Z", "no_price": 86, "no_price_dollars": "0.8600", "price": 0.14, "taker_side": "no", "ticker": "KXINX-26FEB26H1600-B6912", "trade_id": "5e8dbbfd-1eb1-5ded-6088-e830dddfdff1", "yes_price": 14, "yes_price_dollars": "0.1400"}
{"count": 20, "count_fp": "20.00", "created_time": "2026-02-26T17:53:15.98129Z", "no_price": 83, "no_price_dollars": "0.8300", "price": 0.17, "taker_side": "yes", "ticker": "KXINX-26FEB26H1600-B6912", "trade_id": "3ad531bd-ce60-4967-5cf2-9f0b000b7038", "yes_price": 17, "yes_price_dollars": "0.1700"}
{"count": 80, "count_fp": "80.00", "created_time": "2026-02-26T17:03:52.788557Z", "no_price": 75, "no_price_dollars": "0.7500", "price": 0.25, "taker_side": "yes", "ticker": "KXINX-26FEB26H1600-B6912", "trade_id": "ee4cb0ce-d1de-4db1-1763-5f5a99e5ad6a", "yes_price": 25, "yes_price_dollars": "0.2500"}
{"count": 20, "count_fp": "20.00", "created_time": "2026-02-26T17:03:52.788557Z", "no_price": 76, "no_price_dollars": "0.7600", "price": 0.24, "taker_side": "yes", "ticker": "KXINX-26FEB26H1600-B6912", "trade_id": "2d088152-3e1b-43e1-1ee4-f455f001f169", "yes_price": 24, "yes_price_dollars": "0.2400"}
{"count": 20, "count_fp": "20.00", "created_time": "2026-02-26T16:40:46.902121Z", "no_price": 73, "no_price_dollars": "0.7300", "price": 0.27, "taker_side": "no", "ticker": "KXINX-26FEB26H1600-B6912", "trade_id": "27788002-4446-5a22-28dc-93bf1fd82082", "yes_price": 27, "yes_price_dollars": "0.2700"}
{"count": 2, "count_fp": "2.00", "created_time": "2026-02-26T16:31:00.61573Z", "no_price": 74, "no_price_dollars": "0.7400", "price": 0.26, "taker_side": "no", "ticker": "KXINX-26FEB26H1600-B6912", "trade_id": "be329f9d-1d1a-7a26-e50a-38404e1ea1dc", "yes_price": 26, "yes_price_dollars": "0.2600"}
{"count": 20, "count_fp": "20.00", "created_time": "2026-02-26T16:31:00.61573Z", "no_price": 74, "no_price_dollars": "0.7400", "price": 0.26, "taker_side": "no", "ticker": "KXINX-26FEB26H1600-B6912", "trade_id": "241031e0-d0d8-745a-e393-a2a31f867a87", "yes_price": 26, "yes_price_dollars": "0.2600"}
{"count": 20, "count_fp": "20.00", "created_time": "2026-02-26T16:25:37.498423Z", "no_price": 69, "no_price_dollars": "0.6900", "price": 0.31, "taker_side": "no", "ticker": "KXINX-26FEB26H1600-B6912", "trade_id": "d997c117-b6c2-4304-0984-9cc21fc13f72", "yes_price": 31, "yes_price_dollars": "0.3100"}
{"count": 8, "count_fp": "8.00", "created_time": "2026-02-26T15:57:24.428482Z", "no_price": 72, "no_price_dollars": "0.7200", "price": 0.28, "taker_side": "yes", "ticker": "KXINX-26FEB26H1600-B6912", "trade_id": "03f73c0e-fc3e-5d8c-dab6-4487d3876b4f", "yes_price": 28, "yes_price_dollars": "0.2800"}
{"count": 20, "count_fp": "20.00", "created_time": "2026-02-26T15:16:34.399702Z", "no_price": 69, "no_price_dollars": "0.6900", "price": 0.31, "taker_side": "yes", "ticker": "KXINX-26FEB26H1600-B6912", "trade_id": "f8a49ecb-ce8a-5164-ae07-414d9d55e3c3", "yes_price": 31, "yes_price_dollars": "0.3100"}
{"count": 12, "count_fp": "12.00", "created_time": "2026-02-26T15:16:34.399702Z", "no_price": 69, "no_price_dollars": "0.6900", "price": 0.31, "taker_side": "yes", "ticker": "KXINX-26FEB26H1600-B6912", "trade_id": "9c589680-649f-5ae7-bf29-a27840643185", "yes_price": 31, "yes_price_dollars": "0.3100"}
{"count": 20, "count_fp": "20.00", "created_time": "2026-02-26T15:15:09.24242Z", "no_price": 71, "no_price_dollars": "0.7100", "price": 0.29, "taker_side": "yes", "ticker": "KXINX-26FEB26H1600-B6912", "trade_id": "80c3eaf2-f482-5f33-367b-acac95ede8e9", "yes_price": 29, "yes_price_dollars": "0.2900"}
{"count": 20, "count_fp": "20.00", "created_time": "2026-02-26T15:12:47.867566Z", "no_price": 75, "no_price_dollars": "0.7500", "price": 0.25, "taker_side": "yes", "ticker": "KXINX-26FEB26H1600-B6912", "trade_id": "b6b26e21-161e-5e03-3920-1e5fe228fc54", "yes_price": 25, "yes_price_dollars": "0.2500"}
{"count": 20, "count_fp": "20.00", "created_time": "2026-02-26T15:01:42.926935Z", "no_price": 78, "no_price_dollars": "0.7800", "price": 0.22, "taker_side": "yes", "ticker": "KXINX-26FEB26H1600-B6912", "trade_id": "833c1229-6f15-51d8-0459-aca451352f0c", "yes_price": 22, "yes_price_dollars": "0.2200"}
{"count": 138, "count_fp": "138.00", "created_time": "2026-02-26T14:28:35.462042Z", "no_price": 86, "no_price_dollars": "0.8600", "price": 0.14, "taker_side": "yes", "ticker": "KXINX-26FEB26H1600-B6912", "trade_id": "2a3432cd-eca1-499d-03b6-d26e4768c647", "yes_price": 14, "yes_price_dollars": "0.1400"}
{"count": 947, "count_fp": "947.00", "created_time": "2026-02-26T20:57:46.954829Z", "no_price": 99, "no_price_dollars": "0.9900", "price": 0.01, "taker_side": "no", "ticker": "KXINX-26FEB26H1600-B6887", "trade_id": "7b31ed19-064e-70b6-542e-f49e52fa2fac", "yes_price": 1, "yes_price_dollars": "0.0100"}
{"count": 22, "count_fp": "22.00", "created_time": "2026-02-26T20:56:51.894241Z", "no_price": 96, "no_price_dollars": "0.9600", "price": 0.04, "taker_side": "no", "ticker": "KXINX-26FEB26H1600-B6887", "trade_id": "96d74c9e-4579-42f0-6a59-4fa7079468f2", "yes_price": 4, "yes_price_dollars": "0.0400"}
{"count": 5, "count_fp": "5.00", "created_time": "2026-02-26T20:54:09.993595Z", "no_price": 77, "no_price_dollars": "0.7700", "price": 0.23, "taker_side": "yes", "ticker": "KXINX-26FEB26H1600-B6887", "trade_id": "e3ef5523-7ea4-4b3d-6d18-d2ac66bfc971", "yes_price": 23, "yes_price_dollars": "0.2300"}
{"count": 4, "count_fp": "4.00", "created_time": "2026-02-26T20:53:41.243642Z", "no_price": 79, "no_price_dollars": "0.7900", "price": 0.21, "taker_side": "no", "ticker": "KXINX-26FEB26H1600-B6887", "trade_id": "b93888dd-b230-6071-036f-2446958f55ff", "yes_price": 21, "yes_price_dollars": "0.2100"}
{"count": 10, "count_fp": "10.00", "created_time": "2026-02-26T20:53:19.428673Z", "no_price": 77, "no_price_dollars": "0.7700", "price": 0.23, "taker_side": "no", "ticker": "KXINX-26FEB26H1600-B6887", "trade_id": "ce528886-3b6a-448f-c7b3-909c24acdf82", "yes_price": 23, "yes_price_dollars": "0.2300"}
{"count": 20, "count_fp": "20.00", "created_time": "2026-02-26T20:52:48.497471Z", "no_price": 81, "no_price_dollars": "0.8100", "price": 0.19, "taker_side": "yes", "ticker": "KXINX-26FEB26H1600-B6887", "trade_id": "4e8629e5-3ad0-79a6-94a4-add728b2c377", "yes_price": 19, "yes_price_dollars": "0.1900"}
{"count": 3, "count_fp": "3.00", "created_time": "2026-02-26T20:52:45.655048Z", "no_price": 82, "no_price_dollars": "0.8200", "price": 0.18, "taker_side": "yes", "ticker": "KXINX-26FEB26H1600-B6887", "trade_id": "eb4194ea-8e8a-7403-8b2f-dbba177d7aea", "yes_price": 18, "yes_price_dollars": "0.1800"}
{"count": 8, "count_fp": "8.00", "created_time": "2026-02-26T20:52:37.780353Z", "no_price": 75, "no_price_dollars": "0.7500", "price": 0.25, "taker_side": "no", "ticker": "KXINX-26FEB26H1600-B6887", "trade_id": "a05af55c-ccb2-751b-1eb0-6cf10136b98c", "yes_price": 25, "yes_price_dollars": "0.2500"}
{"count": 12, "count_fp": "12.00", "created_time": "2026-02-26T20:52:36.994126Z", "no_price": 75, "no_price_dollars": "0.7500", "price": 0.25, "taker_side": "no", "ticker": "KXINX-26FEB26H1600-B6887", "trade_id": "3647134a-898e-4a67-beb1-3e264b3d13b4", "yes_price": 25, "yes_price_dollars": "0.2500"}
{"count": 36, "count_fp": "36.00", "created_time": "2026-02-26T20:52:19.929382Z", "no_price": 70, "no_price_dollars": "0.7000", "price": 0.3, "taker_side": "yes", "ticker": "KXINX-26FEB26H1600-B6887", "trade_id": "c675944d-7c09-4272-7970-1d163ad82b84", "yes_price": 30, "yes_price_dollars": "0.3000"}
{"count": 3, "count_fp": "3.00", "created_time": "2026-02-26T20:52:19.929382Z", "no_price": 71, "no_price_dollars": "0.7100", "price": 0.29, "taker_side": "yes", "ticker": "KXINX-26FEB26H1600-B6887", "trade_id": "87b1aa17-5b68-42de-6003-fcfa252c31d4", "yes_price": 29, "yes_price_dollars": "0.2900"}
{"count": 12, "count_fp": "12.00", "created_time": "2026-02-26T20:52:19.929382Z", "no_price": 69, "no_price_dollars": "0.6900", "price": 0.31, "taker_side": "yes", "ticker": "KXINX-26FEB26H1600-B6887", "trade_id": "6d365382-934c-46b1-5ff2-ec791d500d4a", "yes_price": 31, "yes_price_dollars": "0.3100"}
{"count": 25, "count_fp": "25.00", "created_time": "2026-02-26T20:52:19.929382Z", "no_price": 70, "no_price_dollars": "0.7000", "price": 0.3, "taker_side": "yes", "ticker": "KXINX-26FEB26H1600-B6887", "trade_id": "59fa6089-a5ce-4f24-40ac-1fb71e4e15ab", "yes_price": 30, "yes_price_dollars": "0.3000"}
{"count": 25, "count_fp": "25.00", "created_time": "2026-02-26T20:52:19.929382Z", "no_price": 69, "no_price_dollars": "0.6900", "price": 0.31, "taker_side": "yes", "ticker": "KXINX-26FEB26H1600-B6887", "trade_id": "490faec2-5d7e-4e82-6340-d36293ce17e9", "yes_price": 31, "yes_price_dollars": "0.3100"}
{"count": 6, "count_fp": "6.00", "created_time": "2026-02-26T20:52:12.772265Z", "no_price": 74, "no_price_dollars": "0.7400", "price": 0.26, "taker_side": "no", "ticker": "KXINX-26FEB26H1600-B6887", "trade_id": "024fed4a-b162-6c4f-ac56-1ab0f74d1326", "yes_price": 26, "yes_price_dollars": "0.2600"}
{"count": 9, "count_fp": "9.00", "created_time": "2026-02-26T20:52:12.488248Z", "no_price": 75, "no_price_dollars": "0.7500", "price": 0.25, "taker_side": "yes", "ticker": "KXINX-26FEB26H1600-B6887", "trade_id": "f8763d8f-a208-49cd-466b-93757b0e5180", "yes_price": 25, "yes_price_dollars": "0.2500"}
{"count": 4, "count_fp": "4.00", "created_time": "2026-02-26T20:51:44.3577Z", "no_price": 79, "no_price_dollars": "0.7900", "price": 0.21, "taker_side": "yes", "ticker": "KXINX-26FEB26H1600-B6887", "trade_id": "2b8ae53b-8131-59dd-fb8c-fdb447662a6d", "yes_price": 21, "yes_price_dollars": "0.2100"}
{"count": 5, "count_fp": "5.00", "created_time": "2026-02-26T20:51:28.771357Z", "no_price": 77, "no_price_dollars": "0.7700", "price": 0.23, "taker_side": "no", "ticker": "KXINX-26FEB26H1600-B6887", "trade_id": "dd5c73a1-e4fa-5937-15aa-f51f3bde048b", "yes_price": 23, "yes_price_dollars": "0.2300"}
{"count": 6, "count_fp": "6.00", "created_time": "2026-02-26T20:50:45.409512Z", "no_price": 76, "no_price_dollars": "0.7600", "price": 0.24, "taker_side": "yes", "ticker": "KXINX-26FEB26H1600-B6887", "trade_id": "92632ef2-a61d-42a5-66e2-229c5b8ddf8a", "yes_price": 24, "yes_price_dollars": "0.2400"}
{"count": 11, "count_fp": "11.00", "created_time": "2026-02-26T20:50:23.236921Z", "no_price": 80, "no_price_dollars": "0.8000", "price": 0.2, "taker_side": "yes", "ticker": "KXINX-26FEB26H1600-B6887", "trade_id": "85cab923-d083-4642-6267-9c798d3ce030", "yes_price": 20, "yes_price_dollars": "0.2000"}
{"count": 7, "count_fp": "7.00", "created_time": "2026-02-26T20:50:23.236921Z", "no_price": 81, "no_price_dollars": "0.8100", "price": 0.19, "taker_side": "yes", "ticker": "KXINX-26FEB26H1600-B6887", "trade_id": "21c5fb1a-7937-4d81-6b3e-ee297e5c801a", "yes_price": 19, "yes_price_dollars": "0.1900"}
{"count": 21, "count_fp": "21.00", "created_time": "2026-02-26T20:50:23.236921Z", "no_price": 80, "no_price_dollars": "0.8000", "price": 0.2, "taker_side": "yes", "ticker": "KXINX-26FEB26H1600-B6887", "trade_id": "001db0ad-13b0-476f-51a7-d808be7e789f", "yes_price": 20, "yes_price_dollars": "0.2000"}
{"count": 13, "count_fp": "13.00", "created_time": "2026-02-26T20:49:06.76055Z", "no_price": 80, "no_price_dollars": "0.8000", "price": 0.2, "taker_side": "no", "ticker": "KXINX-26FEB26H1600-B6887", "trade_id": "78cf970f-0e9a-7e6e-1f87-79e55a32f750", "yes_price": 20, "yes_price_dollars": "0.2000"}
{"count": 152, "count_fp": "152.00", "created_time": "2026-02-26T20:48:26.311755Z", "no_price": 75, "no_price_dollars": "0.7500", "price": 0.25, "taker_side": "yes", "ticker": "KXINX-26FEB26H1600-B6887", "trade_id": "eae4ace5-e3f5-5a45-eaa6-5a68180649bd", "yes_price": 25, "yes_price_dollars": "0.2500"}
{"count": 48, "count_fp": "48.00", "created_time": "2026-02-26T20:48:26.311755Z", "no_price": 75, "no_price_dollars": "0.7500", "price": 0.25, "taker_side": "yes", "ticker": "KXINX-26FEB26H1600-B6887", "trade_id": "eae00dbb-e43e-5347-d05b-8bb6511e2957", "yes_price": 25, "yes_price_dollars": "0.2500"}
{"count": 10, "count_fp": "10.00", "created_time": "2026-02-26T20:48:12.072921Z", "no_price": 79, "no_price_dollars": "0.7900", "price": 0.21, "taker_side": "no", "ticker": "KXINX-26FEB26H1600-B6887", "trade_id": "cd045eec-be4f-409f-2b9f-0f03f03fbc98", "yes_price": 21, "yes_price_dollars": "0.2100"}
{"count": 8, "count_fp": "8.00", "created_time": "2026-02-26T20:48:03.666172Z", "no_price": 78, "no_price_dollars": "0.7800", "price": 0.22, "taker_side": "no", "ticker": "KXINX-26FEB26H1600-B6887", "trade_id": "3f4b4f05-958e-7af3-c784-744c80179bc4", "yes_price": 22, "yes_price_dollars": "0.2200"}
{"count": 25, "count_fp": "25.00", "created_time": "2026-02-26T20:48:03.124084Z", "no_price": 79, "no_price_dollars": "0.7900", "price": 0.21, "taker_side": "yes", "ticker": "KXINX-26FEB26H1600-B6887", "trade_id": "55c33453-2ce8-48fd-2f02-eb8f010d43e5", "yes_price": 21, "yes_price_dollars": "0.2100"}
{"count": 8, "count_fp": "8.00", "created_time": "2026-02-26T20:47:53.414653Z", "no_price": 80, "no_price_dollars": "0.8000", "price": 0.2, "taker_side": "yes", "ticker": "KXINX-26FEB26H1600-B6887", "trade_id": "34b7437c-0317-44ee-3743-e9bdb0d1d793", "yes_price": 20, "yes_price_dollars": "0.2000"}
{"count": 3, "count_fp": "3.00", "created_time": "2026-02-26T20:47:45.863846Z", "no_price": 81, "no_price_dollars": "0.8100", "price": 0.19, "taker_side": "no", "ticker": "KXINX-26FEB26H1600-B6887", "trade_id": "791b64dd-506e-4c13-31f6-e2126f7ab278", "yes_price": 19, "yes_price_dollars": "0.1900"}
{"count": 9, "count_fp": "9.00", "created_time": "2026-02-26T20:47:29.480067Z", "no_price": 84, "no_price_dollars": "0.8400", "price": 0.16, "taker_side": "yes", "ticker": "KXINX-26FEB26H1600-B6887", "trade_id": "4056a160-f70b-45b6-003a-d69e645f8c5c", "yes_price": 16, "yes_price_dollars": "0.1600"}
{"count": 50, "count_fp": "50.00", "created_time": "2026-02-26T20:47:29.480067Z", "no_price": 84, "no_price_dollars": "0.8400", "price": 0.16, "taker_side": "yes", "ticker": "KXINX-26FEB26H1600-B6887", "trade_id": "3154295f-d510-4728-375c-da34dc4d7892", "yes_price": 16, "yes_price_dollars": "0.1600"}
{"count": 17, "count_fp": "17.00", "created_time": "2026-02-26T20:47:14.529054Z", "no_price": 83, "no_price_dollars": "0.8300", "price": 0.17, "taker_side": "no", "ticker": "KXINX-26FEB26H1600-B6887", "trade_id": "c12d49c5-3efb-41f3-1ee7-44197c87a900", "yes_price": 17, "yes_price_dollars": "0.1700"}
{"count": 99, "count_fp": "99.00", "created_time": "2026-02-26T20:47:14.529054Z", "no_price": 83, "no_price_dollars": "0.8300", "price": 0.17, "taker_side": "no", "ticker": "KXINX-26FEB26H1600-B6887", "trade_id": "8a6d22bb-205e-4736-098a-e359dab60f09", "yes_price": 17, "yes_price_dollars": "0.1700"}
{"count": 25, "count_fp": "25.00", "created_time": "2026-02-26T20:46:19.891877Z", "no_price": 82, "no_price_dollars": "0.8200", "price": 0.18, "taker_side": "yes", "ticker": "KXINX-26FEB26H1600-B6887", "trade_id": "341ae8fe-b4f2-5318-36b3-b1bbd42038ad", "yes_price": 18, "yes_price_dollars": "0.1800"}
{"count": 20, "count_fp": "20.00", "created_time": "2026-02-26T20:46:04.457604Z", "no_price": 84, "no_price_dollars": "0.8400", "price": 0.16, "taker_side": "yes", "ticker": "KXINX-26FEB26H1600-B6887", "trade_id": "7ece9315-24f1-58d7-324b-26d8e0b7429d", "yes_price": 16, "yes_price_dollars": "0.1600"}
{"count": 9, "count_fp": "9.00", "created_time": "2026-02-26T20:46:02.567489Z", "no_price": 85, "no_price_dollars": "0.8500", "price": 0.15, "taker_side": "yes", "ticker": "KXINX-26FEB26H1600-B6887", "trade_id": "9fdb0f87-3720-5d23-0fb3-e8e676a8a844", "yes_price": 15, "yes_price_dollars": "0.1500"}
{"count": 32, "count_fp": "32.00", "created_time": "2026-02-26T20:45:52.535249Z", "no_price": 87, "no_price_dollars": "0.8700", "price": 0.13, "taker_side": "yes", "ticker": "KXINX-26FEB26H1600-B6887", "trade_id": "fb3c194a-5fc2-545a-031b-b0d3ddb7d0d8", "yes_price": 13, "yes_price_dollars": "0.1300"}
{"count": 9, "count_fp": "9.00", "created_time": "2026-02-26T20:45:52.535249Z", "no_price": 87, "no_price_dollars": "0.8700", "price": 0.13, "taker_side": "yes", "ticker": "KXINX-26FEB26H1600-B6887", "trade_id": "3c9a7f21-9ba2-533e-3902-c210fc759a5c", "yes_price": 13, "yes_price_dollars": "0.1300"}
{"count": 18, "count_fp": "18.00", "created_time": "2026-02-26T20:45:40.909244Z", "no_price": 87, "no_price_dollars": "0.8700", "price": 0.13, "taker_side": "no", "ticker": "KXINX-26FEB26H1600-B6887", "trade_id": "75c5230a-c17e-77eb-0740-f350dfb68012", "yes_price": 13, "yes_price_dollars": "0.1300"}
{"count": 20, "count_fp": "20.00", "created_time": "2026-02-26T20:45:15.818013Z", "no_price": 86, "no_price_dollars": "0.8600", "price": 0.14, "taker_side": "yes", "ticker": "KXINX-26FEB26H1600-B6887", "trade_id": "0a91c6b9-4d7d-5b3e-0fc2-a7f9a37b545e", "yes_price": 14, "yes_price_dollars": "0.1400"}
{"count": 50, "count_fp": "50.00", "created_time": "2026-02-26T20:43:58.975617Z", "no_price": 84, "no_price_dollars": "0.8400", "price": 0.16, "taker_side": "no", "ticker": "KXINX-26FEB26H1600-B6887", "trade_id": "68c72444-2250-4f0f-271e-08b88b557f79", "yes_price": 16, "yes_price_dollars": "0.1600"}
{"count": 607, "count_fp": "607.00", "created_time": "2026-02-26T20:42:25.52523Z", "no_price": 78, "no_price_dollars": "0.7800", "price": 0.22, "taker_side": "yes", "ticker": "KXINX-26FEB26H1600-B6887", "trade_id": "d421887d-794d-7699-f971-01389075bb19", "yes_price": 22, "yes_price_dollars": "0.2200"}
{"count": 20, "count_fp": "20.00", "created_time": "2026-02-26T20:42:25.52523Z", "no_price": 78, "no_price_dollars": "0.7800", "price": 0.22, "taker_side": "yes", "ticker": "KXINX-26FEB26H1600-B6887", "trade_id": "9a4b73f2-dd4e-7842-f7df-2ec1fb0be0e0", "yes_price": 22, "yes_price_dollars": "0.2200"}
{"count": 50, "count_fp": "50.00", "created_time": "2026-02-26T20:42:16.094463Z", "no_price": 80, "no_price_dollars": "0.8000", "price": 0.2, "taker_side": "no", "ticker": "KXINX-26FEB26H1600-B6887", "trade_id": "37e21b06-422c-67ab-ccf2-9117becd2c79", "yes_price": 20, "yes_price_dollars": "0.2000"}
{"count": 20, "count_fp": "20.00", "created_time": "2026-02-26T20:42:03.93181Z", "no_price": 80, "no_price_dollars": "0.8000", "price": 0.2, "taker_side": "yes", "ticker": "KXINX-26FEB26H1600-B6887", "trade_id": "51e83e21-5f43-66e3-13bc-75683294565a", "yes_price": 20, "yes_price_dollars": "0.2000"}
{"count": 2, "count_fp": "2.00", "created_time": "2026-02-26T20:41:29.453918Z", "no_price": 85, "no_price_dollars": "0.8500", "price": 0.15, "taker_side": "yes", "ticker": "KXINX-26FEB26H1600-B6887", "trade_id": "bc23287e-4f7a-6b2d-2490-bf621946ca4b", "yes_price": 15, "yes_price_dollars": "0.1500"}
{"count": 25, "count_fp": "25.00", "created_time": "2026-02-26T20:41:29.453918Z", "no_price": 85, "no_price_dollars": "0.8500", "price": 0.15, "taker_side": "yes", "ticker": "KXINX-26FEB26H1600-B6887", "trade_id": "ac7bac89-af87-64bb-3cc7-d16d449f4ee2", "yes_price": 15, "yes_price_dollars": "0.1500"}
{"count": 1, "count_fp": "1.00", "created_time": "2026-02-26T20:40:32.800826Z", "no_price": 87, "no_price_dollars": "0.8700", "price": 0.13, "taker_side": "no", "ticker": "KXINX-26FEB26H1600-B6887", "trade_id": "6ab50a28-fa0c-707f-ef3c-ee8310f57275", "yes_price": 13, "yes_price_dollars": "0.1300"}
{"count": 18, "count_fp": "18.00", "created_time": "2026-02-26T20:37:09.919756Z", "no_price": 73, "no_price_dollars": "0.7300", "price": 0.27, "taker_side": "yes", "ticker": "KXINX-26FEB26H1600-B6887", "trade_id": "6efd19ca-9ae2-66f5-759a-b4ea2f73f147", "yes_price": 27, "yes_price_dollars": "0.2700"}
{"count": 50, "count_fp": "50.00", "created_time": "2026-02-26T20:36:49.08574Z", "no_price": 77, "no_price_dollars": "0.7700", "price": 0.23, "taker_side": "no", "ticker": "KXINX-26FEB26H1600-B6887", "trade_id": "119c4eec-6aa4-6a77-52fe-a707c417ced3", "yes_price": 23, "yes_price_dollars": "0.2300"}
{"count": 10, "count_fp": "10.00", "created_time": "2026-02-26T20:35:08.752966Z", "no_price": 76, "no_price_dollars": "0.7600", "price": 0.24, "taker_side": "no", "ticker": "KXINX-26FEB26H1600-B6887", "trade_id": "a041942c-2858-6cb7-0e84-736f5e6c2aaf", "yes_price": 24, "yes_price_dollars": "0.2400"}
{"count": 50, "count_fp": "50.00", "created_time": "2026-02-26T20:35:04.519384Z", "no_price": 76, "no_price_dollars": "0.7600", "price": 0.24, "taker_side": "no", "ticker": "KXINX-26FEB26H1600-B6887", "trade_id": "18cfd10b-7eb8-6f0b-6607-4b581369ee23", "yes_price": 24, "yes_price_dollars": "0.2400"}
{"count": 430, "count_fp": "430.00", "created_time": "2026-02-26T20:34:40.096414Z", "no_price": 72, "no_price_dollars": "0.7200", "price": 0.28, "taker_side": "no", "ticker": "KXINX-26FEB26H1600-B6887", "trade_id": "e40347cb-e8f7-5f3e-9b04-27c3d6d48d07", "yes_price": 28, "yes_price_dollars": "0.2800"}
{"count": 55, "count_fp": "55.00", "created_time": "2026-02-26T20:34:35.145555Z", "no_price": 71, "no_price_dollars": "0.7100", "price": 0.29, "taker_side": "no", "ticker": "KXINX-26FEB26H1600-B6887", "trade_id": "f1eb9ff9-7bad-5100-83af-084743445126", "yes_price": 29, "yes_price_dollars": "0.2900"}
{"count": 20, "count_fp": "20.00", "created_time": "2026-02-26T20:33:31.181669Z", "no_price": 71, "no_price_dollars": "0.7100", "price": 0.29, "taker_side": "yes", "ticker": "KXINX-26FEB26H1600-B6887", "trade_id": "afed3565-0b9a-41c4-2e01-87fe18f2543a", "yes_price": 29, "yes_price_dollars": "0.2900"}
{"count": 25, "count_fp": "25.00", "created_time": "2026-02-26T20:33:31.181669Z", "no_price": 71, "no_price_dollars": "0.7100", "price": 0.29, "taker_side": "yes", "ticker": "KXINX-26FEB26H1600-B6887", "trade_id": "1c3c8047-a32d-4a91-1cca-a9335b6e57f1", "yes_price": 29, "yes_price_dollars": "0.2900"}
{"count": 50, "count_fp": "50.00", "created_time": "2026-02-26T20:33:22.273172Z", "no_price": 72, "no_price_dollars": "0.7200", "price": 0.28, "taker_side": "no", "ticker": "KXINX-26FEB26H1600-B6887", "trade_id": "1685a722-535f-675a-00da-817069f02877", "yes_price": 28, "yes_price_dollars": "0.2800"}
{"count": 20, "count_fp": "20.00", "created_time": "2026-02-26T20:33:14.700563Z", "no_price": 72, "no_price_dollars": "0.7200", "price": 0.28, "taker_side": "yes", "ticker": "KXINX-26FEB26H1600-B6887", "trade_id": "b90d5915-c3b5-7e84-790a-5127239d3a3e", "yes_price": 28, "yes_price_dollars": "0.2800"}
{"count": 10, "count_fp": "10.00", "created_time": "2026-02-26T20:33:03.76841Z", "no_price": 75, "no_price_dollars": "0.7500", "price": 0.25, "taker_side": "no", "ticker": "KXINX-26FEB26H1600-B6887", "trade_id": "88ae3fb9-f864-5883-a36c-ae31d4dc0573", "yes_price": 25, "yes_price_dollars": "0.2500"}
{"count": 20, "count_fp": "20.00", "created_time": "2026-02-26T20:32:55.744248Z", "no_price": 74, "no_price_dollars": "0.7400", "price": 0.26, "taker_side": "yes", "ticker": "KXINX-26FEB26H1600-B6887", "trade_id": "becbe23b-f1c2-4adc-0b49-d5839b1f891e", "yes_price": 26, "yes_price_dollars": "0.2600"}
{"count": 25, "count_fp": "25.00", "created_time": "2026-02-26T20:32:55.744248Z", "no_price": 74, "no_price_dollars": "0.7400", "price": 0.26, "taker_side": "yes", "ticker": "KXINX-26FEB26H1600-B6887", "trade_id": "912fc2ae-914b-4aea-1643-e8f9fa667f0e", "yes_price": 26, "yes_price_dollars": "0.2600"}
{"count": 8, "count_fp": "8.00", "created_time": "2026-02-26T20:31:31.881656Z", "no_price": 72, "no_price_dollars": "0.7200", "price": 0.28, "taker_side": "no", "ticker": "KXINX-26FEB26H1600-B6887", "trade_id": "a679586a-0c65-614c-4f76-b5acd00688a2", "yes_price": 28, "yes_price_dollars": "0.2800"}
{"count": 20, "count_fp": "20.00", "created_time": "2026-02-26T20:31:31.881656Z", "no_price": 72, "no_price_dollars": "0.7200", "price": 0.28, "taker_side": "no", "ticker": "KXINX-26FEB26H1600-B6887", "trade_id": "7e74f61a-6d18-677e-4133-d12f43f39fd4", "yes_price": 28, "yes_price_dollars": "0.2800"}
{"count": 11, "count_fp": "11.00", "created_time": "2026-02-26T20:29:37.390429Z", "no_price": 70, "no_price_dollars": "0.7000", "price": 0.3, "taker_side": "no", "ticker": "KXINX-26FEB26H1600-B6887", "trade_id": "c6d01760-4cc0-6c69-aca5-57dc464c99dc", "yes_price": 30, "yes_price_dollars": "0.3000"}
{"count": 18, "count_fp": "18.00", "created_time": "2026-02-26T20:29:34.82944Z", "no_price": 70, "no_price_dollars": "0.7000", "price": 0.3, "taker_side": "no", "ticker": "KXINX-26FEB26H1600-B6887", "trade_id": "ec043586-8922-7813-eb1f-9b880f822b10", "yes_price": 30, "yes_price_dollars": "0.3000"}
{"count": 9, "count_fp": "9.00", "created_time": "2026-02-26T20:29:34.82944Z", "no_price": 70, "no_price_dollars": "0.7000", "price": 0.3, "taker_side": "no", "ticker": "KXINX-26FEB26H1600-B6887", "trade_id": "ce691186-6e08-7ad1-e409-ef1e55f0691c", "yes_price": 30, "yes_price_dollars": "0.3000"}
{"count": 20, "count_fp": "20.00", "created_time": "2026-02-26T20:28:14.208131Z", "no_price": 70, "no_price_dollars": "0.7000", "price": 0.3, "taker_side": "yes", "ticker": "KXINX-26FEB26H1600-B6887", "trade_id": "acc04a30-e4bd-57b4-2010-0608b42f5647", "yes_price": 30, "yes_price_dollars": "0.3000"}
{"count": 25, "count_fp": "25.00", "created_time": "2026-02-26T20:28:14.208131Z", "no_price": 71, "no_price_dollars": "0.7100", "price": 0.29, "taker_side": "yes", "ticker": "KXINX-26FEB26H1600-B6887", "trade_id": "a9f654b2-8f5d-50bf-0122-27c4c3e63631", "yes_price": 29, "yes_price_dollars": "0.2900"}
{"count": 1, "count_fp": "1.00", "created_time": "2026-02-26T20:28:14.208131Z", "no_price": 71, "no_price_dollars": "0.7100", "price": 0.29, "taker_side": "yes", "ticker": "KXINX-26FEB26H1600-B6887", "trade_id": "9fc2b959-14d8-58ab-06bc-440cdaf67860", "yes_price": 29, "yes_price_dollars": "0.2900"}
{"count": 6, "count_fp": "6.00", "created_time": "2026-02-26T20:28:14.208131Z", "no_price": 71, "no_price_dollars": "0.7100", "price": 0.29, "taker_side": "yes", "ticker": "KXINX-26FEB26H1600-B6887", "trade_id": "2310dfce-f0e6-5cd4-1e30-f1d9c8d5826e", "yes_price": 29, "yes_price_dollars": "0.2900"}
{"count": 42, "count_fp": "42.00", "created_time": "2026-02-26T20:27:52.720839Z", "no_price": 73, "no_price_dollars": "0.7300", "price": 0.27, "taker_side": "no", "ticker": "KXINX-26FEB26H1600-B6887", "trade_id": "f17260d8-bc88-65d3-8c44-b00ee135fe97", "yes_price": 27, "yes_price_dollars": "0.2700"}
{"count": 20, "count_fp": "20.00", "created_time": "2026-02-26T20:27:50.186042Z", "no_price": 72, "no_price_dollars": "0.7200", "price": 0.28, "taker_side": "no", "ticker": "KXINX-26FEB26H1600-B6887", "trade_id": "483a97a7-33ca-55d6-7304-7de1e59ee779", "yes_price": 28, "yes_price_dollars": "0.2800"}
{"count": 9, "count_fp": "9.00", "created_time": "2026-02-26T20:27:50.186042Z", "no_price": 73, "no_price_dollars": "0.7300", "price": 0.27, "taker_side": "no", "ticker": "KXINX-26FEB26H1600-B6887", "trade_id": "3409f150-a220-530f-7fca-daa7c48eff3b", "yes_price": 27, "yes_price_dollars": "0.2700"}
{"count": 25, "count_fp": "25.00", "created_time": "2026-02-26T20:26:50.11882Z", "no_price": 74, "no_price_dollars": "0.7400", "price": 0.26, "taker_side": "yes", "ticker": "KXINX-26FEB26H1600-B6887", "trade_id": "6f21aa6f-248e-4804-25f4-5f58b69d60e3", "yes_price": 26, "yes_price_dollars": "0.2600"}
{"count": 40, "count_fp": "40.00", "created_time": "2026-02-26T20:26:12.586792Z", "no_price": 74, "no_price_dollars": "0.7400", "price": 0.26, "taker_side": "yes", "ticker": "KXINX-26FEB26H1600-B6887", "trade_id": "32cda026-6c56-4c83-2c15-6bbdf87fb7cf", "yes_price": 26, "yes_price_dollars": "0.2600"}
{"count": 20, "count_fp": "20.00", "created_time": "2026-02-26T20:26:07.670276Z", "no_price": 74, "no_price_dollars": "0.7400", "price": 0.26, "taker_side": "no", "ticker": "KXINX-26FEB26H1600-B6887", "trade_id": "2c0b0081-0ec7-5625-273c-d55de8aec496", "yes_price": 26, "yes_price_dollars": "0.2600"}
{"count": 9, "count_fp": "9.00", "created_time": "2026-02-26T20:26:07.670276Z", "no_price": 74, "no_price_dollars": "0.7400", "price": 0.26, "taker_side": "no", "ticker": "KXINX-26FEB26H1600-B6887", "trade_id": "0df0d933-715c-5bbb-1855-7f7d421f420b", "yes_price": 26, "yes_price_dollars": "0.2600"}
{"count": 41, "count_fp": "41.00", "created_time": "2026-02-26T20:24:27.740614Z", "no_price": 72, "no_price_dollars": "0.7200", "price": 0.28, "taker_side": "yes", "ticker": "KXINX-26FEB26H1600-B6887", "trade_id": "71d32897-9a0f-4b8c-0452-cee0794a521c", "yes_price": 28, "yes_price_dollars": "0.2800"}
{"count": 7, "count_fp": "7.00", "created_time": "2026-02-26T20:24:26.53216Z", "no_price": 72, "no_price_dollars": "0.7200", "price": 0.28, "taker_side": "yes", "ticker": "KXINX-26FEB26H1600-B6887", "trade_id": "aecca539-ead7-43e0-0d3e-b1663003636b", "yes_price": 28, "yes_price_dollars": "0.2800"}
{"count": 20, "count_fp": "20.00", "created_time": "2026-02-26T20:24:24.159834Z", "no_price": 72, "no_price_dollars": "0.7200", "price": 0.28, "taker_side": "no", "ticker": "KXINX-26FEB26H1600-B6887", "trade_id": "074e6a22-ecbf-789e-f9a5-517b63e1cf4c", "yes_price": 28, "yes_price_dollars": "0.2800"}
