{"count": 120, "count_fp": "120.00", "created_time": "2026-02-20T15:55:13.045257Z", "no_price": 99, "no_price_dollars": "0.9900", "price": 0.01, "taker_side": "yes", "ticker": "KXINX-26FEB20H1600-T7174.9999", "trade_id": "90debc71-fcc5-6d6b-da45-61b79ecc9256", "yes_price": 1, "yes_price_dollars": "0.0100"}
{"count": 6, "count_fp": "6.00", "created_time": "2026-02-20T20:41:47.366113Z", "no_price": 99, "no_price_dollars": "0.9900", "price": 0.01, "taker_side": "yes", "ticker": "KXINX-26FEB20H1600-T6475", "trade_id": "57584832-355d-5309-688b-f5433449d07c", "yes_price": 1, "yes_price_dollars": "0.0100"}
{"count": 3, "count_fp": "3.00", "created_time": "2026-02-20T19:30:44.234452Z", "no_price": 99, "no_price_dollars": "0.9900", "price": 0.01, "taker_side": "yes", "ticker": "KXINX-26FEB20H1600-T6475", "trade_id": "713d0c54-6189-6871-a1ed-dedcf1279860", "yes_price": 1, "yes_price_dollars": "0.0100"}
{"count": 3, "count_fp": "3.00", "created_time": "2026-02-20T19:13:10.350495Z", "no_price": 99, "no_price_dollars": "0.9900", "price": 0.01, "taker_side": "yes", "ticker": "KXINX-26FEB20H1600-T6475", "trade_id": "29f7f53e-d0f9-62a5-1263-51d6c79e38ac", "yes_price": 1, "yes_price_dollars": "0.0100"}
{"count": 92, "count_fp": "92.00", "created_time": "2026-02-20T16:55:35.564659Z", "no_price": 99, "no_price_dollars": "0.9900", "price": 0.01, "taker_side": "yes", "ticker": "KXINX-26FEB20H1600-T6475", "trade_id": "8badbfc5-956d-72b9-2645-394dd64cfad0", "yes_price": 1, "yes_price_dollars": "0.0100"}
{"count": 1, "count_fp": "1.00", "created_time": "2026-02-20T15:55:49.915532Z", "no_price": 99, "no_price_dollars": "0.9900", "price": 0.01, "taker_side": "yes", "ticker": "KXINX-26FEB20H1600-T6475", "trade_id": "3527b74f-acd5-4515-c4db-8c64caf5d674", "yes_price": 1, "yes_price_dollars": "0.0100"}
{"count": 5, "count_fp": "5.00", "created_time": "2026-02-20T03:02:15.030185Z", "no_price": 96, "no_price_dollars": "0.9600", "price": 0.04, "taker_side": "yes", "ticker": "KXINX-26FEB20H1600-T6475", "trade_id": "f0128b68-0446-4f88-82a5-a6d1c314a75c", "yes_price": 4, "yes_price_dollars": "0.0400"}
{"count": 1, "count_fp": "1.00", "created_time": "2026-02-20T03:02:15.030185Z", "no_price": 95, "no_price_dollars": "0.9500", "price": 0.05, "taker_side": "yes", "ticker": "KXINX-26FEB20H1600-T6475", "trade_id": "25f16390-be16-4184-b76a-5b6a790d1eb3", "yes_price": 5, "yes_price_dollars": "0.0500"}
{"count": 61, "count_fp": "61.00", "created_time": "2026-02-20T17:55:57.68246Z", "no_price": 99, "no_price_dollars": "0.9900", "price": 0.01, "taker_side": "yes", "ticker": "KXINX-26FEB20H1600-B7087", "trade_id": "d6407fd8-7719-48cc-e6da-f4941417e8fc", "yes_price": 1, "yes_price_dollars": "0.0100"}
{"count": 25, "count_fp": "25.00", "created_time": "2026-02-20T18:56:17.611875Z", "no_price": 98, "no_price_dollars": "0.9800", "price": 0.02, "taker_side": "yes", "ticker": "KXINX-26FEB20H1600-B7062", "trade_id": "e37fff10-82e4-770d-b4b5-f36fa76ffb40", "yes_price": 2, "yes_price_dollars": "0.0200"}
{"count": 25, "count_fp": "25.00", "created_time": "2026-02-20T19:34:40.586589Z", "no_price": 98, "no_price_dollars": "0.9800", "price": 0.02, "taker_side": "yes", "ticker": "KXINX-26FEB20H1600-B7037", "trade_id": "655bc48d-5f41-5d7a-3afa-984d07132561", "yes_price": 2, "yes_price_dollars": "0.0200"}
{"count": 25, "count_fp": "25.00", "created_time": "2026-02-20T20:35:02.366709Z", "no_price": 98, "no_price_dollars": "0.9800", "price": 0.02, "taker_side": "yes", "ticker": "KXINX-26FEB20H1600-B7012", "trade_id": "6cc43ac4-4352-529f-cda5-243d2dac74e1", "yes_price": 2, "yes_price_dollars": "0.0200"}
{"count": 3624, "count_fp": "3624.00", "created_time": "2026-02-20T15:54:39.312339Z", "no_price": 96, "no_price_dollars": "0.9600", "price": 0.04, "taker_side": "yes", "ticker": "KXINX-26FEB20H1600-B6987", "trade_id": "d47242d2-a24d-6f17-e956-91378f211502", "yes_price": 4, "yes_price_dollars": "0.0400"}
{"count": 5, "count_fp": "5.00", "created_time": "2026-02-20T15:54:39.312339Z", "no_price": 97, "no_price_dollars": "0.9700", "price": 0.03, "taker_side": "yes", "ticker": "KXINX-26FEB20H1600-B6987", "trade_id": "544a0010-7be2-6fc9-d505-d3edc359c5ca", "yes_price": 3, "yes_price_dollars": "0.0300"}
{"count": 5, "count_fp": "5.00", "created_time": "2026-02-20T15:54:12.966713Z", "no_price": 97, "no_price_dollars": "0.9700", "price": 0.03, "taker_side": "yes", "ticker": "KXINX-26FEB20H1600-B6987", "trade_id": "b13719b5-2516-78ec-f20d-1a389705608c", "yes_price": 3, "yes_price_dollars": "0.0300"}
{"count": 2015, "count_fp": "2015.00", "created_time": "2026-02-20T15:54:12.966713Z", "no_price": 96, "no_price_dollars": "0.9600", "price": 0.04, "taker_side": "yes", "ticker": "KXINX-26FEB20H1600-B6987", "trade_id": "a1bf9248-49dd-7a53-ca45-352da7762066", "yes_price": 4, "yes_price_dollars": "0.0400"}
{"count": 533, "count_fp": "533.00", "created_time": "2026-02-20T15:54:12.966713Z", "no_price": 97, "no_price_dollars": "0.9700", "price": 0.03, "taker_side": "yes", "ticker": "KXINX-26FEB20H1600-B6987", "trade_id": "54a8acb8-7e09-76fd-cb3d-9a80246f9425", "yes_price": 3, "yes_price_dollars": "0.0300"}
{"count": 322, "count_fp": "322.00", "created_time": "2026-02-20T15:24:34.651163Z", "no_price": 97, "no_price_dollars": "0.9700", "price": 0.03, "taker_side": "yes", "ticker": "KXINX-26FEB20H1600-B6987", "trade_id": "c6898ca5-008d-4cf1-ade3-06cb43ed4305", "yes_price": 3, "yes_price_dollars": "0.0300"}
{"count": 9, "count_fp": "9.00", "created_time": "2026-02-20T15:03:48.718017Z", "no_price": 99, "no_price_dollars": "0.9900", "price": 0.01, "taker_side": "yes", "ticker": "KXINX-26FEB20H1600-B6987", "trade_id": "11935289-aedf-6c9e-6139-b9c7f2256395", "yes_price": 1, "yes_price_dollars": "0.0100"}
{"count": 5, "count_fp": "5.00", "created_time": "2026-02-20T15:02:35.218261Z", "no_price": 98, "no_price_dollars": "0.9800", "price": 0.02, "taker_side": "no", "ticker": "KXINX-26FEB20H1600-B6987", "trade_id": "fe4403e4-905c-60af-3d91-d7dd542cf1f2", "yes_price": 2, "yes_price_dollars": "0.0200"}
{"count": 5, "count_fp": "5.00", "created_time": "2026-02-20T15:01:45.179102Z", "no_price": 98, "no_price_dollars": "0.9800", "price": 0.02, "taker_side": "yes", "ticker": "KXINX-26FEB20H1600-B6987", "trade_id": "8fed0bbf-23c5-5847-a0dc-cb711601e2cd", "yes_price": 2, "yes_price_dollars": "0.0200"}
{"count": 200, "count_fp": "200.00", "created_time": "2026-02-20T15:01:45.179102Z", "no_price": 98, "no_price_dollars": "0.9800", "price": 0.02, "taker_side": "yes", "ticker": "KXINX-26FEB20H1600-B6987", "trade_id": "4e5336c1-f30a-53a4-9b3c-b45873fe99e6", "yes_price": 2, "yes_price_dollars": "0.0200"}
{"count": 145, "count_fp": "145.00", "created_time": "2026-02-20T04:30:14.482312Z", "no_price": 98, "no_price_dollars": "0.9800", "price": 0.02, "taker_side": "yes", "ticker": "KXINX-26FEB20H1600-B6987", "trade_id": "72af85c2-b835-4d21-1fef-a11d9a46fdcd", "yes_price": 2, "yes_price_dollars": "0.0200"}
{"count": 1, "count_fp": "1.00", "created_time": "2026-02-20T00:00:23.710743Z", "no_price": 99, "no_price_dollars": "0.9900", "price": 0.01, "taker_side": "no", "ticker": "KXINX-26FEB20H1600-B6987", "trade_id": "c2355dd4-1123-572f-d8d8-60973112a45e", "yes_price": 1, "yes_price_dollars": "0.0100"}
{"count": 2, "count_fp": "2.00", "created_time": "2026-02-20T18:59:50.970779Z", "no_price": 85, "no_price_dollars": "0.8500", "price": 0.15, "taker_side": "yes", "ticker": "KXINX-26FEB20H1600-B6962", "trade_id": "a965112d-25f6-7c81-92db-ba6b4f666ecc", "yes_price": 15, "yes_price_dollars": "0.1500"}
{"count": 5, "count_fp": "5.00", "created_time": "2026-02-20T18:59:50.970779Z", "no_price": 94, "no_price_dollars": "0.9400", "price": 0.06, "taker_side": "yes", "ticker": "KXINX-26FEB20H1600-B6962", "trade_id": "7cffae96-6959-7fed-b713-78a1f955c5bf", "yes_price": 6, "yes_price_dollars": "0.0600"}
{"count": 53, "count_fp": "53.00", "created_time": "2026-02-20T18:59:50.970779Z", "no_price": 83, "no_price_dollars": "0.8300", "price": 0.17, "taker_side": "yes", "ticker": "KXINX-26FEB20H1600-B6962", "trade_id": "656bcbdb-f47c-7a7c-8816-982f96729e79", "yes_price": 17, "yes_price_dollars": "0.1700"}
{"count": 322, "count_fp": "322.00", "created_time": "2026-02-20T18:50:13.697058Z", "no_price": 95, "no_price_dollars": "0.9500", "price": 0.05, "taker_side": "no", "ticker": "KXINX-26FEB20H1600-B6962", "trade_id": "d8eb8bbc-6e92-6c99-e43c-47c19d9b4a35", "yes_price": 5, "yes_price_dollars": "0.0500"}
{"count": 22, "count_fp": "22.00", "created_time": "2026-02-20T18:46:05.211649Z", "no_price": 96, "no_price_dollars": "0.9600", "price": 0.04, "taker_side": "yes", "ticker": "KXINX-26FEB20H1600-B6962", "trade_id": "fac6cd09-5f4e-5b4f-79fb-2fb22fe2e6b2", "yes_price": 4, "yes_price_dollars": "0.0400"}
{"count": 467, "count_fp": "467.00", "created_time": "2026-02-20T18:46:05.211649Z", "no_price": 96, "no_price_dollars": "0.9600", "price": 0.04, "taker_side": "yes", "ticker": "KXINX-26FEB20H1600-B6962", "trade_id": "20448fa7-4b6a-5a76-5443-f44214ea568d", "yes_price": 4, "yes_price_dollars": "0.0400"}
{"count": 33, "count_fp": "33.00", "created_time": "2026-02-20T17:55:32.536347Z", "no_price": 96, "no_price_dollars": "0.9600", "price": 0.04, "taker_side": "yes", "ticker": "KXINX-26FEB20H1600-B6962", "trade_id": "e6fa0aa4-b046-7392-bc2b-7dfbd3711d29", "yes_price": 4, "yes_price_dollars": "0.0400"}
{"count": 22, "count_fp": "22.00", "created_time": "2026-02-20T17:07:53.340185Z", "no_price": 97, "no_price_dollars": "0.9700", "price": 0.03, "taker_side": "no", "ticker": "KXINX-26FEB20H1600-B6962", "trade_id": "67dfc962-8817-5640-0ee7-af7ff15b1f2b", "yes_price": 3, "yes_price_dollars": "0.0300"}
{"count": 3227, "count_fp": "3227.00", "created_time": "2026-02-20T16:48:57.313997Z", "no_price": 94, "no_price_dollars": "0.9400", "price": 0.06, "taker_side": "yes", "ticker": "KXINX-26FEB20H1600-B6962", "trade_id": "dc75ce97-8e9a-484b-7c54-d96d52ac69f7", "yes_price": 6, "yes_price_dollars": "0.0600"}
{"count": 495, "count_fp": "495.00", "created_time": "2026-02-20T16:11:01.989209Z", "no_price": 94, "no_price_dollars": "0.9400", "price": 0.06, "taker_side": "no", "ticker": "KXINX-26FEB20H1600-B6962", "trade_id": "80e0c460-1c3a-7318-14a9-e5786f375d0f", "yes_price": 6, "yes_price_dollars": "0.0600"}
{"count": 5, "count_fp": "5.00", "created_time": "2026-02-20T15:56:45.18748Z", "no_price": 91, "no_price_dollars": "0.9100", "price": 0.09, "taker_side": "yes", "ticker": "KXINX-26FEB20H1600-B6962", "trade_id": "733116c1-b168-7bc7-1ce6-e7b11f759f15", "yes_price": 9, "yes_price_dollars": "0.0900"}
{"count": 1211, "count_fp": "1211.00", "created_time": "2026-02-20T15:54:54.883161Z", "no_price": 92, "no_price_dollars": "0.9200", "price": 0.08, "taker_side": "yes", "ticker": "KXINX-26FEB20H1600-B6962", "trade_id": "706bb46d-c3c2-4337-d8dd-831501758d9b", "yes_price": 8, "yes_price_dollars": "0.0800"}
{"count": 533, "count_fp": "533.00", "created_time": "2026-02-20T15:54:00.688335Z", "no_price": 91, "no_price_dollars": "0.9100", "price": 0.09, "taker_side": "yes", "ticker": "KXINX-26FEB20H1600-B6962", "trade_id": "609756aa-e82a-59fb-2cf8-a35bce66bc43", "yes_price": 9, "yes_price_dollars": "0.0900"}
{"count": 5, "count_fp": "5.00", "created_time": "2026-02-20T15:54:00.688335Z", "no_price": 92, "no_price_dollars": "0.9200", "price": 0.08, "taker_side": "yes", "ticker": "KXINX-26FEB20H1600-B6962", "trade_id": "3d32d812-7055-541f-2900-b4c9562cb3fd", "yes_price": 8, "yes_price_dollars": "0.0800"}
{"count": 5, "count_fp": "5.00", "created_time": "2026-02-20T15:47:40.038949Z", "no_price": 94, "no_price_dollars": "0.9400", "price": 0.06, "taker_side": "no", "ticker": "KXINX-26FEB20H1600-B6962", "trade_id": "b2d1959c-5b96-605c-fc36-617c9834d5eb", "yes_price": 6, "yes_price_dollars": "0.0600"}
{"count": 2, "count_fp": "2.00", "created_time": "2026-02-20T15:19:46.416897Z", "no_price": 93, "no_price_dollars": "0.9300", "price": 0.07, "taker_side": "yes", "ticker": "KXINX-26FEB20H1600-B6962", "trade_id": "3faaa4c9-315e-5d73-75a9-aa8074d05ad7", "yes_price": 7, "yes_price_dollars": "0.0700"}
{"count": 5, "count_fp": "5.00", "created_time": "2026-02-20T15:12:01.80799Z", "no_price": 92, "no_price_dollars": "0.9200", "price": 0.08, "taker_side": "yes", "ticker": "KXINX-26FEB20H1600-B6962", "trade_id": "d5673134-dcc8-40ae-1888-40000af31791", "yes_price": 8, "yes_price_dollars": "0.0800"}
{"count": 156, "count_fp": "156.00", "created_time": "2026-02-20T15:12:01.80799Z", "no_price": 91, "no_price_dollars": "0.9100", "price": 0.09, "taker_side": "yes", "ticker": "KXINX-26FEB20H1600-B6962", "trade_id": "15498bbe-fd1e-494b-1e77-dc18e02a9f9b", "yes_price": 9, "yes_price_dollars": "0.0900"}
{"count": 5, "count_fp": "5.00", "created_time": "2026-02-20T15:02:39.605875Z", "no_price": 91, "no_price_dollars": "0.9100", "price": 0.09, "taker_side": "no", "ticker": "KXINX-26FEB20H1600-B6962", "trade_id": "97abdb8b-2068-795b-29c0-1080411bea6b", "yes_price": 9, "yes_price_dollars": "0.0900"}
{"count": 463, "count_fp": "463.00", "created_time": "2026-02-20T15:01:24.775826Z", "no_price": 95, "no_price_dollars": "0.9500", "price": 0.05, "taker_side": "yes", "ticker": "KXINX-26FEB20H1600-B6962", "trade_id": "dad31893-cb2a-71c4-23c8-7866c33f5f7c", "yes_price": 5, "yes_price_dollars": "0.0500"}
{"count": 5, "count_fp": "5.00", "created_time": "2026-02-20T14:43:16.0228Z", "no_price": 99, "no_price_dollars": "0.9900", "price": 0.01, "taker_side": "no", "ticker": "KXINX-26FEB20H1600-B6962", "trade_id": "8bf5fbaf-9cc9-49d0-97be-1e9cdaefc92a", "yes_price": 1, "yes_price_dollars": "0.0100"}
{"count": 344, "count_fp": "344.00", "created_time": "2026-02-20T13:12:19.345865Z", "no_price": 97, "no_price_dollars": "0.9700", "price": 0.03, "taker_side": "no", "ticker": "KXINX-26FEB20H1600-B6962", "trade_id": "60441f21-3496-7426-ee59-3fe38100cffe", "yes_price": 3, "yes_price_dollars": "0.0300"}
{"count": 3, "count_fp": "3.00", "created_time": "2026-02-20T13:01:24.854204Z", "no_price": 95, "no_price_dollars": "0.9500", "price": 0.05, "taker_side": "no", "ticker": "KXINX-26FEB20H1600-B6962", "trade_id": "25e7744f-d7db-70bf-c77f-1182225fc879", "yes_price": 5, "yes_price_dollars": "0.0500"}
{"count": 4, "count_fp": "4.00", "created_time": "2026-02-20T12:59:21.659345Z", "no_price": 94, "no_price_dollars": "0.9400", "price": 0.06, "taker_side": "no", "ticker": "KXINX-26FEB20H1600-B6962", "trade_id": "d598ad4f-de40-7914-193f-d828f7012ddf", "yes_price": 6, "yes_price_dollars": "0.0600"}
{"count": 10, "count_fp": "10.00", "created_time": "2026-02-20T11:41:39.35374Z", "no_price": 94, "no_price_dollars": "0.9400", "price": 0.06, "taker_side": "no", "ticker": "KXINX-26FEB20H1600-B6962", "trade_id": "e47ce015-b178-715c-ba5f-8bfbc9a37e77", "yes_price": 6, "yes_price_dollars": "0.0600"}
{"count": 1, "count_fp": "1.00", "created_time": "2026-02-20T07:07:31.452293Z", "no_price": 91, "no_price_dollars": "0.9100", "price": 0.09, "taker_side": "yes", "ticker": "KXINX-26FEB20H1600-B6962", "trade_id": "6e6b0f29-4588-63e7-aaaf-53680041b152", "yes_price": 9, "yes_price_dollars": "0.0900"}
{"count": 5, "count_fp": "5.00", "created_time": "2026-02-20T07:07:31.452293Z", "no_price": 91, "no_price_dollars": "0.9100", "price": 0.09, "taker_side": "yes", "ticker": "KXINX-26FEB20H1600-B6962", "trade_id": "6c5d9208-f7b1-6aeb-8342-f06f581f2b69", "yes_price": 9, "yes_price_dollars": "0.0900"}
{"count": 2, "count_fp": "2.00", "created_time": "2026-02-20T05:01:35.53269Z", "no_price": 95, "no_price_dollars": "0.9500", "price": 0.05, "taker_side": "no", "ticker": "KXINX-26FEB20H1600-B6962", "trade_id": "7a6e0e9e-3d9d-7fb4-f7b5-cb60b693ddfa", "yes_price": 5, "yes_price_dollars": "0.0500"}
{"count": 45, "count_fp": "45.00", "created_time": "2026-02-20T20:56:42.114763Z", "no_price": 98, "no_price_dollars": "0.9800", "price": 0.02, "taker_side": "no", "ticker": "KXINX-26FEB20H1600-B6937", "trade_id": "2455be4a-d673-60d2-625b-f83b33251d3b", "yes_price": 2, "yes_price_dollars": "0.0200"}
{"count": 5, "count_fp": "5.00", "created_time": "2026-02-20T20:56:05.328163Z", "no_price": 98, "no_price_dollars": "0.9800", "price": 0.02, "taker_side": "yes", "ticker": "KXINX-26FEB20H1600-B6937", "trade_id": "78399044-62ea-45d8-a2ce-b6d39cb0ead0", "yes_price": 2, "yes_price_dollars": "0.0200"}
{"count": 2, "count_fp": "2.00", "created_time": "2026-02-20T20:51:24.803425Z", "no_price": 98, "no_price_dollars": "0.9800", "price": 0.02, "taker_side": "no", "ticker": "KXINX-26FEB20H1600-B6937", "trade_id": "e6d02426-5013-7a8a-ddeb-8f13392fcdd2", "yes_price": 2, "yes_price_dollars": "0.0200"}
{"count": 2, "count_fp": "2.00", "created_time": "2026-02-20T20:51:24.803425Z", "no_price": 99, "no_price_dollars": "0.9900", "price": 0.01, "taker_side": "no", "ticker": "KXINX-26FEB20H1600-B6937", "trade_id": "bc0f99e0-a032-79ac-d000-0baaf7def21c", "yes_price": 1, "yes_price_dollars": "0.0100"}
{"count": 6, "count_fp": "6.00", "created_time": "2026-02-20T20:51:24.803425Z", "no_price": 98, "no_price_dollars": "0.9800", "price": 0.02, "taker_side": "no", "ticker": "KXINX-26FEB20H1600-B6937", "trade_id": "9e04fb91-ffd5-7321-e687-9a1b135c42ca", "yes_price": 2, "yes_price_dollars": "0.0200"}
{"count": 6, "count_fp": "6.00", "created_time": "2026-02-20T20:51:24.803425Z", "no_price": 98, "no_price_dollars": "0.9800", "price": 0.02, "taker_side": "no", "ticker": "KXINX-26FEB20H1600-B6937", "trade_id": "67b0c1ce-4b1f-7b8e-e8c2-c94372a0042e", "yes_price": 2, "yes_price_dollars": "0.0200"}
{"count": 6, "count_fp": "6.00", "created_time": "2026-02-20T20:51:24.803425Z", "no_price": 97, "no_price_dollars": "0.9700", "price": 0.03, "taker_side": "no", "ticker": "KXINX-26FEB20H1600-B6937", "trade_id": "09646b45-f9b8-7508-c58b-937f68e3470e", "yes_price": 3, "yes_price_dollars": "0.0300"}
{"count": 2, "count_fp": "2.00", "created_time": "2026-02-20T20:50:53.878897Z", "no_price": 97, "no_price_dollars": "0.9700", "price": 0.03, "taker_side": "no", "ticker": "KXINX-26FEB20H1600-B6937", "trade_id": "ac802542-adc0-62fc-ed34-68e17050d912", "yes_price": 3, "yes_price_dollars": "0.0300"}
{"count": 3, "count_fp": "3.00", "created_time": "2026-02-20T20:50:53.878897Z", "no_price": 97, "no_price_dollars": "0.9700", "price": 0.03, "taker_side": "no", "ticker": "KXINX-26FEB20H1600-B6937", "trade_id": "6883e91f-9b35-6773-de05-0c398ae60710", "yes_price": 3, "yes_price_dollars": "0.0300"}
{"count": 3, "count_fp": "3.00", "created_time": "2026-02-20T20:47:35.848456Z", "no_price": 97, "no_price_dollars": "0.9700", "price": 0.03, "taker_side": "no", "ticker": "KXINX-26FEB20H1600-B6937", "trade_id": "3f475706-2c8d-6f77-72f7-46f9a86361f8", "yes_price": 3, "yes_price_dollars": "0.0300"}
{"count": 5, "count_fp": "5.00", "created_time": "2026-02-20T20:47:29.818092Z", "no_price": 97, "no_price_dollars": "0.9700", "price": 0.03, "taker_side": "no", "ticker": "KXINX-26FEB20H1600-B6937", "trade_id": "4d8dfa57-1259-658b-c061-ae6fc3f75814", "yes_price": 3, "yes_price_dollars": "0.0300"}
{"count": 1, "count_fp": "1.00", "created_time": "2026-02-20T20:28:16.591936Z", "no_price": 95, "no_price_dollars": "0.9500", "price": 0.05, "taker_side": "no", "ticker": "KXINX-26FEB20H1600-B6937", "trade_id": "d01c40e1-ae6a-429d-5cf9-5c76440019d5", "yes_price": 5, "yes_price_dollars": "0.0500"}
{"count": 25, "count_fp": "25.00", "created_time": "2026-02-20T20:28:16.591936Z", "no_price": 95, "no_price_dollars": "0.9500", "price": 0.05, "taker_side": "no", "ticker": "KXINX-26FEB20H1600-B6937", "trade_id": "6d2c09a4-806f-4658-411e-59856548d000", "yes_price": 5, "yes_price_dollars": "0.0500"}
{"count": 77, "count_fp": "77.00", "created_time": "2026-02-20T20:16:38.132627Z", "no_price": 90, "no_price_dollars": "0.9000", "price": 0.1, "taker_side": "yes", "ticker": "KXINX-26FEB20H1600-B6937", "trade_id": "725c872d-3388-4a03-fdb4-cbad668de94c", "yes_price": 10, "yes_price_dollars": "0.1000"}
{"count": 202, "count_fp": "202.00", "created_time": "2026-02-20T20:11:58.438934Z", "no_price": 91, "no_price_dollars": "0.9100", "price": 0.09, "taker_side": "no", "ticker": "KXINX-26FEB20H1600-B6937", "trade_id": "7d19c9ab-be49-418d-552b-e60885132796", "yes_price": 9, "yes_price_dollars": "0.0900"}
{"count": 5, "count_fp": "5.00", "created_time": "2026-02-20T20:10:02.033006Z", "no_price": 89, "no_price_dollars": "0.8900", "price": 0.11, "taker_side": "yes", "ticker": "KXINX-26FEB20H1600-B6937", "trade_id": "d9786771-856d-4ec5-62a3-ef453bfd6fbb", "yes_price": 11, "yes_price_dollars": "0.1100"}
{"count": 55, "count_fp": "55.00", "created_time": "2026-02-20T20:10:02.033006Z", "no_price": 88, "no_price_dollars": "0.8800", "price": 0.12, "taker_side": "yes", "ticker": "KXINX-26FEB20H1600-B6937", "trade_id": "8ffd7eed-3554-4aff-77fc-eeab93fd274c", "yes_price": 12, "yes_price_dollars": "0.1200"}
{"count": 70, "count_fp": "70.00", "created_time": "2026-02-20T20:08:07.382285Z", "no_price": 88, "no_price_dollars": "0.8800", "price": 0.12, "taker_side": "yes", "ticker": "KXINX-26FEB20H1600-B6937", "trade_id": "e52ed90a-ed44-5bf7-774f-df5dfb1eb138", "yes_price": 12, "yes_price_dollars": "0.1200"}
{"count": 5, "count_fp": "5.00", "created_time": "2026-02-20T20:08:07.382285Z", "no_price": 88, "no_price_dollars": "0.8800", "price": 0.12, "taker_side": "yes", "ticker": "KXINX-26FEB20H1600-B6937", "trade_id": "c7847a8f-53f3-538f-454a-07b11fa560a4", "yes_price": 12, "yes_price_dollars": "0.1200"}
{"count": 1, "count_fp": "1.00", "created_time": "2026-02-20T20:05:44.768228Z", "no_price": 91, "no_price_dollars": "0.9100", "price": 0.09, "taker_side": "yes", "ticker": "KXINX-26FEB20H1600-B6937", "trade_id": "b5cefdd1-3fee-72cc-0a18-9901cfec5d46", "yes_price": 9, "yes_price_dollars": "0.0900"}
{"count": 5, "count_fp": "5.00", "created_time": "2026-02-20T20:05:43.12092Z", "no_price": 92, "no_price_dollars": "0.9200", "price": 0.08, "taker_side": "yes", "ticker": "KXINX-26FEB20H1600-B6937", "trade_id": "bbcbec49-3874-7572-3450-99e172f33f59", "yes_price": 8, "yes_price_dollars": "0.0800"}
{"count": 1, "count_fp": "1.00", "created_time": "2026-02-20T19:47:43.654557Z", "no_price": 94, "no_price_dollars": "0.9400", "price": 0.06, "taker_side": "no", "ticker": "KXINX-26FEB20H1600-B6937", "trade_id": "b3e84721-84c9-656d-7acb-7c43e27abca7", "yes_price": 6, "yes_price_dollars": "0.0600"}
{"count": 11, "count_fp": "11.00", "created_time": "2026-02-20T19:47:43.654557Z", "no_price": 94, "no_price_dollars": "0.9400", "price": 0.06, "taker_side": "no", "ticker": "KXINX-26FEB20H1600-B6937", "trade_id": "9604255a-72cf-63ff-6a5d-4ff33ef920f6", "yes_price": 6, "yes_price_dollars": "0.0600"}
{"count": 5, "count_fp": "5.00", "created_time": "2026-02-20T19:35:35.786395Z", "no_price": 92, "no_price_dollars": "0.9200", "price": 0.08, "taker_side": "no", "ticker": "KXINX-26FEB20H1600-B6937", "trade_id": "7a9bede2-8b30-7311-11f5-7db101aa6c54", "yes_price": 8, "yes_price_dollars": "0.0800"}
{"count": 5, "count_fp": "5.00", "created_time": "2026-02-20T19:34:32.35898Z", "no_price": 91, "no_price_dollars": "0.9100", "price": 0.09, "taker_side": "no", "ticker": "KXINX-26FEB20H1600-B6937", "trade_id": "85e922a0-1b6b-5131-cba9-a2cd4566b8b7", "yes_price": 9, "yes_price_dollars": "0.0900"}
{"count": 4, "count_fp": "4.00", "created_time": "2026-02-20T19:32:44.757127Z", "no_price": 87, "no_price_dollars": "0.8700", "price": 0.13, "taker_side": "yes", "ticker": "KXINX-26FEB20H1600-B6937", "trade_id": "1a5e0055-51f9-7ba7-ec71-6e37fe5213c9", "yes_price": 13, "yes_price_dollars": "0.1300"}
{"count": 6, "count_fp": "6.00", "created_time": "2026-02-20T19:32:44.757127Z", "no_price": 87, "no_price_dollars": "0.8700", "price": 0.13, "taker_side": "yes", "ticker": "KXINX-26FEB20H1600-B6937", "trade_id": "106404ef-b5c8-746c-fe46-48c42ecb5047", "yes_price": 13, "yes_price_dollars": "0.1300"}
{"count": 5, "count_fp": "5.00", "created_time": "2026-02-20T19:32:31.444646Z", "no_price": 89, "no_price_dollars": "0.8900", "price": 0.11, "taker_side": "no", "ticker": "KXINX-26FEB20H1600-B6937", "trade_id": "a8f3b20a-d615-4ab5-7906-4725ce5561dd", "yes_price": 11, "yes_price_dollars": "0.1100"}
{"count": 3, "count_fp": "3.00", "created_time": "2026-02-20T19:32:31.444646Z", "no_price": 90, "no_price_dollars": "0.9000", "price": 0.1, "taker_side": "no", "ticker": "KXINX-26FEB20H1600-B6937", "trade_id": "a33f51d4-a4a5-4295-513f-f0a05605d35e", "yes_price": 10, "yes_price_dollars": "0.1000"}
{"count": 6, "count_fp": "6.00", "created_time": "2026-02-20T19:32:09.662264Z", "no_price": 89, "no_price_dollars": "0.8900", "price": 0.11, "taker_side": "no", "ticker": "KXINX-26FEB20H1600-B6937", "trade_id": "4165311b-74c5-67f5-f608-1e7aa1848262", "yes_price": 11, "yes_price_dollars": "0.1100"}
{"count": 5, "count_fp": "5.00", "created_time": "2026-02-20T19:32:09.662264Z", "no_price": 89, "no_price_dollars": "0.8900", "price": 0.11, "taker_side": "no", "ticker": "KXINX-26FEB20H1600-B6937", "trade_id": "0eb3e619-079b-63b5-e7fd-b9f2503bd074", "yes_price": 11, "yes_price_dollars": "0.1100"}
{"count": 5, "count_fp": "5.00", "created_time": "2026-02-20T19:31:46.581716Z", "no_price": 87, "no_price_dollars": "0.8700", "price": 0.13, "taker_side": "no", "ticker": "KXINX-26FEB20H1600-B6937", "trade_id": "d4ffeefd-4158-5d5e-790a-9fad5b29643a", "yes_price": 13, "yes_price_dollars": "0.1300"}
{"count": 800, "count_fp": "800.00", "created_time": "2026-02-20T19:31:07.916893Z", "no_price": 90, "no_price_dollars": "0.9000", "price": 0.1, "taker_side": "yes", "ticker": "KXINX-26FEB20H1600-B6937", "trade_id": "34d141a3-187d-5dd6-2570-5c1847cd5617", "yes_price": 10, "yes_price_dollars": "0.1000"}
{"count": 3, "count_fp": "3.00", "created_time": "2026-02-20T19:31:07.252964Z", "no_price": 91, "no_price_dollars": "0.9100", "price": 0.09, "taker_side": "yes", "ticker": "KXINX-26FEB20H1600-B6937", "trade_id": "dba3eda6-e423-4463-24f7-a9359b236075", "yes_price": 9, "yes_price_dollars": "0.0900"}
{"count": 4, "count_fp": "4.00", "created_time": "2026-02-20T19:30:41.104126Z", "no_price": 91, "no_price_dollars": "0.9100", "price": 0.09, "taker_side": "yes", "ticker": "KXINX-26FEB20H1600-B6937", "trade_id": "20e6a16a-c6d7-4488-4fee-d171cc566c61", "yes_price": 9, "yes_price_dollars": "0.0900"}
{"count": 6, "count_fp": "6.00", "created_time": "2026-02-20T19:30:10.008869Z", "no_price": 91, "no_price_dollars": "0.9100", "price": 0.09, "taker_side": "yes", "ticker": "KXINX-26FEB20H1600-B6937", "trade_id": "2840d6ae-f801-7e37-d817-690409a40001", "yes_price": 9, "yes_price_dollars": "0.0900"}
{"count": 17, "count_fp": "17.00", "created_time": "2026-02-20T19:14:11.739041Z", "no_price": 98, "no_price_dollars": "0.9800", "price": 0.02, "taker_side": "no", "ticker": "KXINX-26FEB20H1600-B6937", "trade_id": "ea76f2d0-e3e3-6e7e-bf92-2265fc2cfa12", "yes_price": 2, "yes_price_dollars": "0.0200"}
{"count": 2, "count_fp": "2.00", "created_time": "2026-02-20T19:14:11.739041Z", "no_price": 98, "no_price_dollars": "0.9800", "price": 0.02, "taker_side": "no", "ticker": "KXINX-26FEB20H1600-B6937", "trade_id": "be9c2f7a-4c01-6b7f-b879-0ac3b7728190", "yes_price": 2, "yes_price_dollars": "0.0200"}
{"count": 13, "count_fp": "13.00", "created_time": "2026-02-20T19:14:11.739041Z", "no_price": 91, "no_price_dollars": "0.9100", "price": 0.09, "taker_side": "no", "ticker": "KXINX-26FEB20H1600-B6937", "trade_id": "b318efd2-9e44-6ae7-ac94-c43a1b08b758", "yes_price": 9, "yes_price_dollars": "0.0900"}
{"count": 3, "count_fp": "3.00", "created_time": "2026-02-20T19:14:11.739041Z", "no_price": 92, "no_price_dollars": "0.9200", "price": 0.08, "taker_side": "no", "ticker": "KXINX-26FEB20H1600-B6937", "trade_id": "a06b95d5-a887-6b2d-aa20-46db9f845f58", "yes_price": 8, "yes_price_dollars": "0.0800"}
{"count": 2, "count_fp": "2.00", "created_time": "2026-02-20T19:14:11.739041Z", "no_price": 98, "no_price_dollars": "0.9800", "price": 0.02, "taker_side": "no", "ticker": "KXINX-26FEB20H1600-B6937", "trade_id": "9b167419-9232-609d-9ed9-55a1874485c3", "yes_price": 2, "yes_price_dollars": "0.0200"}
{"count": 8, "count_fp": "8.00", "created_time": "2026-02-20T19:14:11.739041Z", "no_price": 97, "no_price_dollars": "0.9700", "price": 0.03, "taker_side": "no", "ticker": "KXINX-26FEB20H1600-B6937", "trade_id": "40d93668-065e-6cf7-8443-94fd1d5a656e", "yes_price": 3, "yes_price_dollars": "0.0300"}
{"count": 5, "count_fp": "5.00", "created_time": "2026-02-20T19:14:11.739041Z", "no_price": 89, "no_price_dollars": "0.8900", "price": 0.11, "taker_side": "no", "ticker": "KXINX-26FEB20H1600-B6937", "trade_id": "130ddf54-704f-64e9-a418-21e02da724e3", "yes_price": 11, "yes_price_dollars": "0.1100"}
{"count": 2, "count_fp": "2.00", "created_time": "2026-02-20T19:14:11.739041Z", "no_price": 98, "no_price_dollars": "0.9800", "price": 0.02, "taker_side": "no", "ticker": "KXINX-26FEB20H1600-B6937", "trade_id": "08c53b35-e58a-654c-b9f2-c3fabe45db6e", "yes_price": 2, "yes_price_dollars": "0.0200"}
{"count": 1, "count_fp": "1.00", "created_time": "2026-02-20T19:13:03.290782Z", "no_price": 70, "no_price_dollars": "0.7000", "price": 0.3, "taker_side": "yes", "ticker": "KXINX-26FEB20H1600-B6937", "trade_id": "7a3cc379-73bd-549f-1269-9cb222bacb4d", "yes_price": 30, "yes_price_dollars": "0.3000"}
{"count": 5, "count_fp": "5.00", "created_time": "2026-02-20T19:13:03.290782Z", "no_price": 70, "no_price_dollars": "0.7000", "price": 0.3, "taker_side": "yes", "ticker": "KXINX-26FEB20H1600-B6937", "trade_id": "1a679ae7-1b76-58dd-2774-0e809406f2d9", "yes_price": 30, "yes_price_dollars": "0.3000"}
{"count": 100, "count_fp": "100.00", "created_time": "2026-02-20T19:02:39.854311Z", "no_price": 75, "no_price_dollars": "0.7500", "price": 0.25, "taker_side": "yes", "ticker": "KXINX-26FEB20H1600-B6937", "trade_id": "401069e3-bc8e-7460-7246-21efbd3d7c2e", "yes_price": 25, "yes_price_dollars": "0.2500"}
{"count": 193, "count_fp": "193.00", "created_time": "2026-02-20T18:57:45.570685Z", "no_price": 73, "no_price_dollars": "0.7300", "price": 0.27, "taker_side": "no", "ticker": "KXINX-26FEB20H1600-B6937", "trade_id": "cc19b42c-5e44-7548-df0a-4bebd8c85707", "yes_price": 27, "yes_price_dollars": "0.2700"}
{"count": 7, "count_fp": "7.00", "created_time": "2026-02-20T18:57:21.99437Z", "no_price": 73, "no_price_dollars": "0.7300", "price": 0.27, "taker_side": "yes", "ticker": "KXINX-26FEB20H1600-B6937", "trade_id": "170ab826-5154-4be2-cf24-2982b798618c", "yes_price": 27, "yes_price_dollars": "0.2700"}
{"count": 7, "count_fp": "7.00", "created_time": "2026-02-20T18:52:09.841165Z", "no_price": 79, "no_price_dollars": "0.7900", "price": 0.21, "taker_side": "yes", "ticker": "KXINX-26FEB20H1600-B6937", "trade_id": "ab4798eb-0968-69b6-14fe-42ce8f8c92b2", "yes_price": 21, "yes_price_dollars": "0.2100"}
{"count": 5, "count_fp": "5.00", "created_time": "2026-02-20T18:51:32.179728Z", "no_price": 82, "no_price_dollars": "0.8200", "price": 0.18, "taker_side": "yes", "ticker": "KXINX-26FEB20H1600-B6937", "trade_id": "0e87f27f-bf59-5dc1-6d86-a9c46e9f01f8", "yes_price": 18, "yes_price_dollars": "0.1800"}
{"count": 5, "count_fp": "5.00", "created_time": "2026-02-20T18:51:06.787731Z", "no_price": 82, "no_price_dollars": "0.8200", "price": 0.18, "taker_side": "no", "ticker": "KXINX-26FEB20H1600-B6937", "trade_id": "d5af4c37-bfe7-70f8-f137-da3e1105406c", "yes_price": 18, "yes_price_dollars": "0.1800"}
{"count": 14, "count_fp": "14.00", "created_time": "2026-02-20T18:50:11.777104Z", "no_price": 78, "no_price_dollars": "0.7800", "price": 0.22, "taker_side": "no", "ticker": "KXINX-26FEB20H1600-B6937", "trade_id": "fb46e1f7-a536-75ad-e81f-32d6bdfe7c14", "yes_price": 22, "yes_price_dollars": "0.2200"}
{"count": 5, "count_fp": "5.00", "created_time": "2026-02-20T18:50:11.777104Z", "no_price": 79, "no_price_dollars": "0.7900", "price": 0.21, "taker_side": "no", "ticker": "KXINX-26FEB20H1600-B6937", "trade_id": "11fdd401-744b-7a25-c130-aac462dc2262", "yes_price": 21, "yes_price_dollars": "0.2100"}
{"count": 5, "count_fp": "5.00", "created_time": "2026-02-20T18:48:18.17037Z", "no_price": 70, "no_price_dollars": "0.7000", "price": 0.3, "taker_side": "no", "ticker": "KXINX-26FEB20H1600-B6937", "trade_id": "71fddb36-205f-749a-f280-89bddffff0a5", "yes_price": 30, "yes_price_dollars": "0.3000"}
{"count": 12, "count_fp": "12.00", "created_time": "2026-02-20T18:47:59.784988Z", "no_price": 69, "no_price_dollars": "0.6900", "price": 0.31, "taker_side": "yes", "ticker": "KXINX-26FEB20H1600-B6937", "trade_id": "64bda878-ef31-750c-59d8-543be21a32eb", "yes_price": 31, "yes_price_dollars": "0.3100"}
{"count": 5, "count_fp": "5.00", "created_time": "2026-02-20T18:47:58.406911Z", "no_price": 71, "no_price_dollars": "0.7100", "price": 0.29, "taker_side": "yes", "ticker": "KXINX-26FEB20H1600-B6937", "trade_id": "5785751f-ac33-7873-6603-dd818bbc16b2", "yes_price": 29, "yes_price_dollars": "0.2900"}
{"count": 5, "count_fp": "5.00", "created_time": "2026-02-20T18:46:12.251559Z", "no_price": 72, "no_price_dollars": "0.7200", "price": 0.28, "taker_side": "no", "ticker": "KXINX-26FEB20H1600-B6937", "trade_id": "9619b22c-68fe-7164-e3ad-713f5acdc7ac", "yes_price": 28, "yes_price_dollars": "0.2800"}
{"count": 3, "count_fp": "3.00", "created_time": "2026-02-20T18:45:56.678043Z", "no_price": 72, "no_price_dollars": "0.7200", "price": 0.28, "taker_side": "no", "ticker": "KXINX-26FEB20H1600-B6937", "trade_id": "c6c46ac9-6ec0-56eb-ce83-b8a81aa28906", "yes_price": 28, "yes_price_dollars": "0.2800"}
{"count": 5, "count_fp": "5.00", "created_time": "2026-02-20T18:45:46.000218Z", "no_price": 78, "no_price_dollars": "0.7800", "price": 0.22, "taker_side": "yes", "ticker": "KXINX-26FEB20H1600-B6937", "trade_id": "b9298ffa-73b6-540a-55e0-8d3911ff29f3", "yes_price": 22, "yes_price_dollars": "0.2200"}
{"count": 5, "count_fp": "5.00", "created_time": "2026-02-20T18:44:17.060951Z", "no_price": 84, "no_price_dollars": "0.8400", "price": 0.16, "taker_side": "yes", "ticker": "KXINX-26FEB20H1600-B6937", "trade_id": "ca503ea6-784a-72f6-5ad7-8ba799530d09", "yes_price": 16, "yes_price_dollars": "0.1600"}
{"count": 5, "count_fp": "5.00", "created_time": "2026-02-20T18:43:23.859837Z", "no_price": 86, "no_price_dollars": "0.8600", "price": 0.14, "taker_side": "no", "ticker": "KXINX-26FEB20H1600-B6937", "trade_id": "f2d17f2c-0a21-78ed-5176-19fb5d710401", "yes_price": 14, "yes_price_dollars": "0.1400"}
{"count": 10, "count_fp": "10.00", "created_time": "2026-02-20T18:42:16.995243Z", "no_price": 80, "no_price_dollars": "0.8000", "price": 0.2, "taker_side": "yes", "ticker": "KXINX-26FEB20H1600-B6937", "trade_id": "cb754331-66b8-7dfa-7d37-9c80f9e82681", "yes_price": 20, "yes_price_dollars": "0.2000"}
{"count": 3, "count_fp": "3.00", "created_time": "2026-02-20T18:40:45.674575Z", "no_price": 85, "no_price_dollars": "0.8500", "price": 0.15, "taker_side": "no", "ticker": "KXINX-26FEB20H1600-B6937", "trade_id": "1c047dfc-daa4-5c41-35cf-6a5d171af95d", "yes_price": 15, "yes_price_dollars": "0.1500"}
{"count": 5, "count_fp": "5.00", "created_time": "2026-02-20T18:40:36.278759Z", "no_price": 87, "no_price_dollars": "0.8700", "price": 0.13, "taker_side": "yes", "ticker": "KXINX-26FEB20H1600-B6937", "trade_id": "21831174-cace-7793-5776-25c9384f7f46", "yes_price": 13, "yes_price_dollars": "0.1300"}
{"count": 8, "count_fp": "8.00", "created_time": "2026-02-20T18:40:25.18728Z", "no_price": 90, "no_price_dollars": "0.9000", "price": 0.1, "taker_side": "no", "ticker": "KXINX-26FEB20H1600-B6937", "trade_id": "1891955d-4911-6426-51c1-3207a2615cdf", "yes_price": 10, "yes_price_dollars": "0.1000"}
{"count": 5, "count_fp": "5.00", "created_time": "2026-02-20T18:39:48.84392Z", "no_price": 90, "no_price_dollars": "0.9000", "price": 0.1, "taker_side": "no", "ticker": "KXINX-26FEB20H1600-B6937", "trade_id": "b4f78639-a8d7-7118-68eb-d2c3ccf8835f", "yes_price": 10, "yes_price_dollars": "0.1000"}
{"count": 5, "count_fp": "5.00", "created_time": "2026-02-20T18:36:48.416109Z", "no_price": 88, "no_price_dollars": "0.8800", "price": 0.12, "taker_side": "yes", "ticker": "KXINX-26FEB20H1600-B6937", "trade_id": "a4023a67-7e05-7980-6930-6aa607aabdff", "yes_price": 12, "yes_price_dollars": "0.1200"}
{"count": 19, "count_fp": "19.00", "created_time": "2026-02-20T18:36:43.291833Z", "no_price": 91, "no_price_dollars": "0.9100", "price": 0.09, "taker_side": "yes", "ticker": "KXINX-26FEB20H1600-B6937", "trade_id": "ade0cf73-9805-7628-5995-afd6c436d188", "yes_price": 9, "yes_price_dollars": "0.0900"}
{"count": 5, "count_fp": "5.00", "created_time": "2026-02-20T18:36:23.216941Z", "no_price": 92, "no_price_dollars": "0.9200", "price": 0.08, "taker_side": "yes", "ticker": "KXINX-26FEB20H1600-B6937", "trade_id": "9e901ec1-60f8-796d-71ae-3225369d4ffb", "yes_price": 8, "yes_price_dollars": "0.0800"}
{"count": 7, "count_fp": "7.00", "created_time": "2026-02-20T18:36:23.216941Z", "no_price": 92, "no_price_dollars": "0.9200", "price": 0.08, "taker_side": "yes", "ticker": "KXINX-26FEB20H1600-B6937", "trade_id": "24616b7c-e4b5-77dc-6c49-bd623445bb80", "yes_price": 8, "yes_price_dollars": "0.0800"}
{"count": 5, "count_fp": "5.00", "created_time": "2026-02-20T18:35:16.745591Z", "no_price": 89, "no_price_dollars": "0.8900", "price": 0.11, "taker_side": "no", "ticker": "KXINX-26FEB20H1600-B6937", "trade_id": "8b86de8d-0329-70d0-7e05-9e16b76decdf", "yes_price": 11, "yes_price_dollars": "0.1100"}
{"count": 5, "count_fp": "5.00", "created_time": "2026-02-20T18:35:07.915981Z", "no_price": 86, "no_price_dollars": "0.8600", "price": 0.14, "taker_side": "yes", "ticker": "KXINX-26FEB20H1600-B6937", "trade_id": "ae10b000-77e7-5037-ab6e-6f57bae4e135", "yes_price": 14, "yes_price_dollars": "0.1400"}
{"count": 5, "count_fp": "5.00", "created_time": "2026-02-20T18:34:48.962039Z", "no_price": 85, "no_price_dollars": "0.8500", "price": 0.15, "taker_side": "no", "ticker": "KXINX-26FEB20H1600-B6937", "trade_id": "8b773081-d61c-57ae-4596-61ef5b773c49", "yes_price": 15, "yes_price_dollars": "0.1500"}
{"count": 25, "count_fp": "25.00", "created_time": "2026-02-20T18:33:36.996709Z", "no_price": 80, "no_price_dollars": "0.8000", "price": 0.2, "taker_side": "yes", "ticker": "KXINX-26FEB20H1600-B6937", "trade_id": "8b33ea33-b63d-525e-2b34-0f1a8c6ca6de", "yes_price": 20, "yes_price_dollars": "0.2000"}
{"count": 5, "count_fp": "5.00", "created_time": "2026-02-20T18:33:33.703781Z", "no_price": 83, "no_price_dollars": "0.8300", "price": 0.17, "taker_side": "yes", "ticker": "KXINX-26FEB20H1600-B6937", "trade_id": "c274ddb6-6363-5b78-2d40-e8288773ae68", "yes_price": 17, "yes_price_dollars": "0.1700"}
{"count": 7, "count_fp": "7.00", "created_time": "2026-02-20T18:33:33.703781Z", "no_price": 83, "no_price_dollars": "0.8300", "price": 0.17, "taker_side": "yes", "ticker": "KXINX-26FEB20H1600-B6937", "trade_id": "456414b7-dc6b-5a7d-37ef-3ed28c07ea47", "yes_price": 17, "yes_price_dollars": "0.1700"}
{"count": 5, "count_fp": "5.00", "created_time": "2026-02-20T18:33:12.041143Z", "no_price": 88, "no_price_dollars": "0.8800", "price": 0.12, "taker_side": "yes", "ticker": "KXINX-26FEB20H1600-B6937", "trade_id": "e9bc9358-5ff6-55e0-2ad5-5b3fb27f1734", "yes_price": 12, "yes_price_dollars": "0.1200"}
{"count": 20, "count_fp": "20.00", "created_time": "2026-02-20T18:26:14.621303Z", "no_price": 94, "no_price_dollars": "0.9400", "price": 0.06, "taker_side": "yes", "ticker": "KXINX-26FEB20H1600-B6937", "trade_id": "36780827-b787-6a50-3e7f-26dcc047adf3", "yes_price": 6, "yes_price_dollars": "0.0600"}
{"count": 14, "count_fp": "14.00", "created_time": "2026-02-20T18:26:14.621303Z", "no_price": 94, "no_price_dollars": "0.9400", "price": 0.06, "taker_side": "yes", "ticker": "KXINX-26FEB20H1600-B6937", "trade_id": "322aa814-2f95-66d8-0eb9-b863ea583a52", "yes_price": 6, "yes_price_dollars": "0.0600"}
{"count": 25, "count_fp": "25.00", "created_time": "2026-02-20T18:15:41.730155Z", "no_price": 94, "no_price_dollars": "0.9400", "price": 0.06, "taker_side": "no", "ticker": "KXINX-26FEB20H1600-B6937", "trade_id": "b6a6097c-8e7a-776a-41cf-a72610ba478e", "yes_price": 6, "yes_price_dollars": "0.0600"}
{"count": 28, "count_fp": "28.00", "created_time": "2026-02-20T18:15:41.730155Z", "no_price": 94, "no_price_dollars": "0.9400", "price": 0.06, "taker_side": "no", "ticker": "KXINX-26FEB20H1600-B6937", "trade_id": "1ddb13c9-dfd8-7fe4-62ed-e0aa09bc0373", "yes_price": 6, "yes_price_dollars": "0.0600"}
{"count": 5, "count_fp": "5.00", "created_time": "2026-02-20T18:02:34.794779Z", "no_price": 89, "no_price_dollars": "0.8900", "price": 0.11, "taker_side": "yes", "ticker": "KXINX-26FEB20H1600-B6937", "trade_id": "255a6d37-05c3-6713-ed21-6757cff91092", "yes_price": 11, "yes_price_dollars": "0.1100"}
{"count": 6, "count_fp": "6.00", "created_time": "2026-02-20T18:02:34.794779Z", "no_price": 80, "no_price_dollars": "0.8000", "price": 0.2, "taker_side": "yes", "ticker": "KXINX-26FEB20H1600-B6937", "trade_id": "0e92fd7e-0795-6206-ed49-093f1f21d4d6", "yes_price": 20, "yes_price_dollars": "0.2000"}
{"count": 5, "count_fp": "5.00", "created_time": "2026-02-20T17:56:26.144618Z", "no_price": 86, "no_price_dollars": "0.8600", "price": 0.14, "taker_side": "yes", "ticker": "KXINX-26FEB20H1600-B6937", "trade_id": "4d137b65-171f-6027-3791-e5af0ad16914", "yes_price": 14, "yes_price_dollars": "0.1400"}
{"count": 19, "count_fp": "19.00", "created_time": "2026-02-20T17:56:26.144618Z", "no_price": 80, "no_price_dollars": "0.8000", "price": 0.2, "taker_side": "yes", "ticker": "KXINX-26FEB20H1600-B6937", "trade_id": "329b65bd-c959-66ee-2f60-a2c688a4c8b2", "yes_price": 20, "yes_price_dollars": "0.2000"}
{"count": 5, "count_fp": "5.00", "created_time": "2026-02-20T17:55:09.595943Z", "no_price": 90, "no_price_dollars": "0.9000", "price": 0.1, "taker_side": "no", "ticker": "KXINX-26FEB20H1600-B6937", "trade_id": "fda89312-7614-5ca9-7128-e65b62c28553", "yes_price": 10, "yes_price_dollars": "0.1000"}
{"count": 25, "count_fp": "25.00", "created_time": "2026-02-20T17:52:52.432367Z", "no_price": 90, "no_price_dollars": "0.9000", "price": 0.1, "taker_side": "no", "ticker": "KXINX-26FEB20H1600-B6937", "trade_id": "b3612123-47fd-7096-dc71-c7e27bfdb54a", "yes_price": 10, "yes_price_dollars": "0.1000"}
{"count": 3, "count_fp": "3.00", "created_time": "2026-02-20T17:52:52.432367Z", "no_price": 90, "no_price_dollars": "0.9000", "price": 0.1, "taker_side": "no", "ticker": "KXINX-26FEB20H1600-B6937", "trade_id": "8cfe1cbc-8b07-7990-e2bf-2d4bf35a6fc9", "yes_price": 10, "yes_price_dollars": "0.1000"}
{"count": 175, "count_fp": "175.00", "created_time": "2026-02-20T17:52:51.110081Z", "no_price": 90, "no_price_dollars": "0.9000", "price": 0.1, "taker_side": "no", "ticker": "KXINX-26FEB20H1600-B6937", "trade_id": "d31449cd-41e5-7fd2-24ea-4187c2f1a6f2", "yes_price": 10, "yes_price_dollars": "0.1000"}
{"count": 2, "count_fp": "2.00", "created_time": "2026-02-20T17:52:05.519577Z", "no_price": 92, "no_price_dollars": "0.9200", "price": 0.08, "taker_side": "no", "ticker": "KXINX-26FEB20H1600-B6937", "trade_id": "e5ef7706-575b-5459-f3c2-49e8cc562626", "yes_price": 8, "yes_price_dollars": "0.0800"}
{"count": 2, "count_fp": "2.00", "created_time": "2026-02-20T17:51:43.877931Z", "no_price": 92, "no_price_dollars": "0.9200", "price": 0.08, "taker_side": "no", "ticker": "KXINX-26FEB20H1600-B6937", "trade_id": "e8c388cb-ad17-66c5-7158-a3a9bdaf96ae", "yes_price": 8, "yes_price_dollars": "0.0800"}
{"count": 2, "count_fp": "2.00", "created_time": "2026-02-20T17:49:55.296659Z", "no_price": 92, "no_price_dollars": "0.9200", "price": 0.08, "taker_side": "no", "ticker": "KXINX-26FEB20H1600-B6937", "trade_id": "9e3f6e42-a4c3-57d9-72e6-e932e0e655ca", "yes_price": 8, "yes_price_dollars": "0.0800"}
{"count": 2, "count_fp": "2.00", "created_time": "2026-02-20T17:46:02.613385Z", "no_price": 92, "no_price_dollars": "0.9200", "price": 0.08, "taker_side": "no", "ticker": "KXINX-26FEB20H1600-B6937", "trade_id": "ab0bdd2e-99c3-60d8-a167-235ebb4d3f8d", "yes_price": 8, "yes_price_dollars": "0.0800"}
{"count": 5, "count_fp": "5.00", "created_time": "2026-02-20T17:40:51.355637Z", "no_price": 95, "no_price_dollars": "0.9500", "price": 0.05, "taker_side": "no", "ticker": "KXINX-26FEB20H1600-B6937", "trade_id": "e1a0bba7-a24d-56e2-ca64-511938ee5f53", "yes_price": 5, "yes_price_dollars": "0.0500"}
{"count": 2, "count_fp": "2.00", "created_time": "2026-02-20T17:40:51.355637Z", "no_price": 96, "no_price_dollars": "0.9600", "price": 0.04, "taker_side": "no", "ticker": "KXINX-26FEB20H1600-B6937", "trade_id": "936b5efa-8fbb-5ee8-d16c-86a7aaee2cb1", "yes_price": 4, "yes_price_dollars": "0.0400"}
{"count": 28, "count_fp": "28.00", "created_time": "2026-02-20T17:27:38.757889Z", "no_price": 95, "no_price_dollars": "0.9500", "price": 0.05, "taker_side": "no", "ticker": "KXINX-26FEB20H1600-B6937", "trade_id": "2c21f717-3d05-584e-49d1-d34c3c425400", "yes_price": 5, "yes_price_dollars": "0.0500"}
{"count": 1975, "count_fp": "1975.00", "created_time": "2026-02-20T17:25:57.732781Z", "no_price": 97, "no_price_dollars": "0.9700", "price": 0.03, "taker_side": "no", "ticker": "KXINX-26FEB20H1600-B6937", "trade_id": "fb33ec83-de40-7191-b966-6e501764f7e4", "yes_price": 3, "yes_price_dollars": "0.0300"}
{"count": 1, "count_fp": "1.00", "created_time": "2026-02-20T17:25:57.732781Z", "no_price": 96, "no_price_dollars": "0.9600", "price": 0.04, "taker_side": "no", "ticker": "KXINX-26FEB20H1600-B6937", "trade_id": "d0f1469e-09b0-7c10-b2b7-25134246bf87", "yes_price": 4, "yes_price_dollars": "0.0400"}
{"count": 1, "count_fp": "1.00", "created_time": "2026-02-20T17:25:57.732781Z", "no_price": 97, "no_price_dollars": "0.9700", "price": 0.03, "taker_side": "no", "ticker": "KXINX-26FEB20H1600-B6937", "trade_id": "bb9a5aac-e665-79c9-99f5-435966844edb", "yes_price": 3, "yes_price_dollars": "0.0300"}
{"count": 3, "count_fp": "3.00", "created_time": "2026-02-20T17:25:57.732781Z", "no_price": 97, "no_price_dollars": "0.9700", "price": 0.03, "taker_side": "no", "ticker": "KXINX-26FEB20H1600-B6937", "trade_id": "b294ec60-2382-72f6-ad5c-4aaa637534fd", "yes_price": 3, "yes_price_dollars": "0.0300"}
{"count": 1, "count_fp": "1.00", "created_time": "2026-02-20T17:25:57.732781Z", "no_price": 97, "no_price_dollars": "0.9700", "price": 0.03, "taker_side": "no", "ticker": "KXINX-26FEB20H1600-B6937", "trade_id": "b0be070b-6d0d-76a3-9d8d-d5cf0d099853", "yes_price": 3, "yes_price_dollars": "0.0300"}
{"count": 1, "count_fp": "1.00", "created_time": "2026-02-20T17:25:57.732781Z", "no_price": 96, "no_price_dollars": "0.9600", "price": 0.04, "taker_side": "no", "ticker": "KXINX-26FEB20H1600-B6937", "trade_id": "a71d9ab1-32a4-73f3-a174-9386f180284a", "yes_price": 4, "yes_price_dollars": "0.0400"}
{"count": 2, "count_fp": "2.00", "created_time": "2026-02-20T17:25:57.732781Z", "no_price": 97, "no_price_dollars": "0.9700", "price": 0.03, "taker_side": "no", "ticker": "KXINX-26FEB20H1600-B6937", "trade_id": "a3bc2388-d9c9-7072-ad0a-ad9d622bfd1f", "yes_price": 3, "yes_price_dollars": "0.0300"}
{"count": 1, "count_fp": "1.00", "created_time": "2026-02-20T17:25:57.732781Z", "no_price": 97, "no_price_dollars": "0.9700", "price": 0.03, "taker_side": "no", "ticker": "KXINX-26FEB20H1600-B6937", "trade_id": "a256a7a8-1acc-72fc-a73e-6ea036f22022", "yes_price": 3, "yes_price_dollars": "0.0300"}
{"count": 1, "count_fp": "1.00", "created_time": "2026-02-20T17:25:57.732781Z", "no_price": 97, "no_price_dollars": "0.9700", "price": 0.03, "taker_side": "no", "ticker": "KXINX-26FEB20H1600-B6937", "trade_id": "857d2372-2eff-7949-a107-634e60af9f5e", "yes_price": 3, "yes_price_dollars": "0.0300"}
{"count": 1, "count_fp": "1.00", "created_time": "2026-02-20T17:25:57.732781Z", "no_price": 97, "no_price_dollars": "0.9700", "price": 0.03, "taker_side": "no", "ticker": "KXINX-26FEB20H1600-B6937", "trade_id": "74c08180-fa8e-750b-b338-e3b193ae19bf", "yes_price": 3, "yes_price_dollars": "0.0300"}
{"count": 1, "count_fp": "1.00", "created_time": "2026-02-20T17:25:57.732781Z", "no_price": 97, "no_price_dollars": "0.9700", "price": 0.03, "taker_side": "no", "ticker": "KXINX-26FEB20H1600-B6937", "trade_id": "6a545a3b-d366-70ef-a8b0-d2633e439cc7", "yes_price": 3, "yes_price_dollars": "0.0300"}
{"count": 1, "count_fp": "1.00", "created_time": "2026-02-20T17:25:57.732781Z", "no_price": 97, "no_price_dollars": "0.9700", "price": 0.03, "taker_side": "no", "ticker": "KXINX-26FEB20H1600-B6937", "trade_id": "661bb162-45f9-7064-838e-5e60f3d3cf7d", "yes_price": 3, "yes_price_dollars": "0.0300"}
{"count": 1, "count_fp": "1.00", "created_time": "2026-02-20T17:25:57.732781Z", "no_price": 97, "no_price_dollars": "0.9700", "price": 0.03, "taker_side": "no", "ticker": "KXINX-26FEB20H1600-B6937", "trade_id": "5c411a44-6096-7164-91dd-9da6cfea467b", "yes_price": 3, "yes_price_dollars": "0.0300"}
{"count": 104, "count_fp": "104.00", "created_time": "2026-02-20T17:25:57.732781Z", "no_price": 96, "no_price_dollars": "0.9600", "price": 0.04, "taker_side": "no", "ticker": "KXINX-26FEB20H1600-B6937", "trade_id": "5b3f3975-3a87-7d9b-a440-1084b51ad349", "yes_price": 4, "yes_price_dollars": "0.0400"}
{"count": 1, "count_fp": "1.00", "created_time": "2026-02-20T17:25:57.732781Z", "no_price": 97, "no_price_dollars": "0.9700", "price": 0.03, "taker_side": "no", "ticker": "KXINX-26FEB20H1600-B6937", "trade_id": "55e04210-4595-709e-8853-26471347c914", "yes_price": 3, "yes_price_dollars": "0.0300"}
{"count": 3, "count_fp": "3.00", "created_time": "2026-02-20T17:25:57.732781Z", "no_price": 97, "no_price_dollars": "0.9700", "price": 0.03, "taker_side": "no", "ticker": "KXINX-26FEB20H1600-B6937", "trade_id": "1cc7e95b-dc20-70ac-9f68-99eb64e9c584", "yes_price": 3, "yes_price_dollars": "0.0300"}
{"count": 1, "count_fp": "1.00", "created_time": "2026-02-20T17:25:57.732781Z", "no_price": 96, "no_price_dollars": "0.9600", "price": 0.04, "taker_side": "no", "ticker": "KXINX-26FEB20H1600-B6937", "trade_id": "166da729-7343-7d50-8388-55ffd077aca7", "yes_price": 4, "yes_price_dollars": "0.0400"}
{"count": 1, "count_fp": "1.00", "created_time": "2026-02-20T17:25:57.732781Z", "no_price": 97, "no_price_dollars": "0.9700", "price": 0.03, "taker_side": "no", "ticker": "KXINX-26FEB20H1600-B6937", "trade_id": "0041d6a2-cb09-7269-9e7d-d1071edb5863", "yes_price": 3, "yes_price_dollars": "0.0300"}
{"count": 1, "count_fp": "1.00", "created_time": "2026-02-20T17:24:41.807678Z", "no_price": 94, "no_price_dollars": "0.9400", "price": 0.06, "taker_side": "no", "ticker": "KXINX-26FEB20H1600-B6937", "trade_id": "f9bf07b6-ad91-4b0f-36b7-f519b571eb85", "yes_price": 6, "yes_price_dollars": "0.0600"}
{"count": 2, "count_fp": "2.00", "created_time": "2026-02-20T17:24:41.807678Z", "no_price": 94, "no_price_dollars": "0.9400", "price": 0.06, "taker_side": "no", "ticker": "KXINX-26FEB20H1600-B6937", "trade_id": "68049058-b351-4053-1660-067345c53f2b", "yes_price": 6, "yes_price_dollars": "0.0600"}
{"count": 1, "count_fp": "1.00", "created_time": "2026-02-20T17:24:41.807678Z", "no_price": 94, "no_price_dollars": "0.9400", "price": 0.06, "taker_side": "no", "ticker": "KXINX-26FEB20H1600-B6937", "trade_id": "41cdb47f-0918-4194-257d-c7788c3b5134", "yes_price": 6, "yes_price_dollars": "0.0600"}
{"count": 1, "count_fp": "1.00", "created_time": "2026-02-20T17:15:23.404321Z", "no_price": 94, "no_price_dollars": "0.9400", "price": 0.06, "taker_side": "no", "ticker": "KXINX-26FEB20H1600-B6937", "trade_id": "d65804ae-78c1-659b-4a0d-ecb03a01fa21", "yes_price": 6, "yes_price_dollars": "0.0600"}
{"count": 1, "count_fp": "1.00", "created_time": "2026-02-20T17:15:23.404321Z", "no_price": 93, "no_price_dollars": "0.9300", "price": 0.07, "taker_side": "no", "ticker": "KXINX-26FEB20H1600-B6937", "trade_id": "9406a4b1-839b-670a-5479-5776b6600c2d", "yes_price": 7, "yes_price_dollars": "0.0700"}
{"count": 1, "count_fp": "1.00", "created_time": "2026-02-20T17:15:23.404321Z", "no_price": 94, "no_price_dollars": "0.9400", "price": 0.06, "taker_side": "no", "ticker": "KXINX-26FEB20H1600-B6937", "trade_id": "8c6d09ab-5dc3-6206-4499-a796b1be8b7d", "yes_price": 6, "yes_price_dollars": "0.0600"}
{"count": 5, "count_fp": "5.00", "created_time": "2026-02-20T17:15:23.404321Z", "no_price": 93, "no_price_dollars": "0.9300", "price": 0.07, "taker_side": "no", "ticker": "KXINX-26FEB20H1600-B6937", "trade_id": "28ac69b0-5316-6be0-6341-0976825bfb36", "yes_price": 7, "yes_price_dollars": "0.0700"}
{"count": 175, "count_fp": "175.00", "created_time": "2026-02-20T17:14:50.779135Z", "no_price": 90, "no_price_dollars": "0.9000", "price": 0.1, "taker_side": "no", "ticker": "KXINX-26FEB20H1600-B6937", "trade_id": "89085762-8b74-4e26-12a8-a11aaa4b6d0a", "yes_price": 10, "yes_price_dollars": "0.1000"}
{"count": 1, "count_fp": "1.00", "created_time": "2026-02-20T16:53:03.023907Z", "no_price": 75, "no_price_dollars": "0.7500", "price": 0.25, "taker_side": "yes", "ticker": "KXINX-26FEB20H1600-B6937", "trade_id": "341ae468-f087-4df7-603a-d3687d3443a3", "yes_price": 25, "yes_price_dollars": "0.2500"}
{"count": 5, "count_fp": "5.00", "created_time": "2026-02-20T16:52:41.542535Z", "no_price": 76, "no_price_dollars": "0.7600", "price": 0.24, "taker_side": "yes", "ticker": "KXINX-26FEB20H1600-B6937", "trade_id": "1fde3589-0a12-4fad-737d-4b870b2f654c", "yes_price": 24, "yes_price_dollars": "0.2400"}
{"count": 2, "count_fp": "2.00", "created_time": "2026-02-20T16:47:29.871362Z", "no_price": 76, "no_price_dollars": "0.7600", "price": 0.24, "taker_side": "yes", "ticker": "KXINX-26FEB20H1600-B6937", "trade_id": "45fbcc72-3d4c-688a-aa45-743925fdf099", "yes_price": 24, "yes_price_dollars": "0.2400"}
{"count": 2, "count_fp": "2.00", "created_time": "2026-02-20T16:26:26.923557Z", "no_price": 90, "no_price_dollars": "0.9000", "price": 0.1, "taker_side": "no", "ticker": "KXINX-26FEB20H1600-B6937", "trade_id": "5a9dcff0-261f-4fd8-64e5-3fdf4a45ee9a", "yes_price": 10, "yes_price_dollars": "0.1000"}
{"count": 5, "count_fp": "5.00", "created_time": "2026-02-20T16:25:07.518647Z", "no_price": 88, "no_price_dollars": "0.8800", "price": 0.12, "taker_side": "no", "ticker": "KXINX-26FEB20H1600-B6937", "trade_id": "a6a18c21-3480-6597-da30-344014592df9", "yes_price": 12, "yes_price_dollars": "0.1200"}
{"count": 7, "count_fp": "7.00", "created_time": "2026-02-20T16:24:37.196885Z", "no_price": 84, "no_price_dollars": "0.8400", "price": 0.16, "taker_side": "yes", "ticker": "KXINX-26FEB20H1600-B6937", "trade_id": "3018f52d-75a6-5996-51e9-e74314970012", "yes_price": 16, "yes_price_dollars": "0.1600"}
{"count": 5, "count_fp": "5.00", "created_time": "2026-02-20T16:24:37.196885Z", "no_price": 85, "no_price_dollars": "0.8500", "price": 0.15, "taker_side": "yes", "ticker": "KXINX-26FEB20H1600-B6937", "trade_id": "1d7ec0fe-e0b1-5601-7d14-3cca26da5516", "yes_price": 15, "yes_price_dollars": "0.1500"}
{"count": 5, "count_fp": "5.00", "created_time": "2026-02-20T16:14:32.363208Z", "no_price": 80, "no_price_dollars": "0.8000", "price": 0.2, "taker_side": "no", "ticker": "KXINX-26FEB20H1600-B6937", "trade_id": "1a652e4e-6372-638f-e18f-94c41320620c", "yes_price": 20, "yes_price_dollars": "0.2000"}
{"count": 1, "count_fp": "1.00", "created_time": "2026-02-20T16:04:09.784311Z", "no_price": 75, "no_price_dollars": "0.7500", "price": 0.25, "taker_side": "yes", "ticker": "KXINX-26FEB20H1600-B6937", "trade_id": "47400b9c-0024-72f3-a256-e1add997b94b", "yes_price": 25, "yes_price_dollars": "0.2500"}
{"count": 5, "count_fp": "5.00", "created_time": "2026-02-20T16:03:30.434228Z", "no_price": 76, "no_price_dollars": "0.7600", "price": 0.24, "taker_side": "no", "ticker": "KXINX-26FEB20H1600-B6937", "trade_id": "145186f6-5ebd-6167-fc99-146ba7cb70f4", "yes_price": 24, "yes_price_dollars": "0.2400"}
{"count": 635, "count_fp": "635.00", "created_time": "2026-02-20T16:01:14.790933Z", "no_price": 77, "no_price_dollars": "0.7700", "price": 0.23, "taker_side": "yes", "ticker": "KXINX-26FEB20H1600-B6937", "trade_id": "1604c1df-f37e-58c6-4af6-04d7ee3f4b6a", "yes_price": 23, "yes_price_dollars": "0.2300"}
{"count": 5, "count_fp": "5.00", "created_time": "2026-02-20T15:56:48.8658Z", "no_price": 71, "no_price_dollars": "0.7100", "price": 0.29, "taker_side": "yes", "ticker": "KXINX-26FEB20H1600-B6937", "trade_id": "194df386-af44-6aec-7008-b49e026ab782", "yes_price": 29, "yes_price_dollars": "0.2900"}
{"count": 5, "count_fp": "5.00", "created_time": "2026-02-20T15:56:00.738276Z", "no_price": 72, "no_price_dollars": "0.7200", "price": 0.28, "taker_side": "yes", "ticker": "KXINX-26FEB20H1600-B6937", "trade_id": "bee7a851-e7bc-5069-8de8-1155c34491eb", "yes_price": 28, "yes_price_dollars": "0.2800"}
{"count": 499, "count_fp": "499.00", "created_time": "2026-02-20T15:56:00.738276Z", "no_price": 71, "no_price_dollars": "0.7100", "price": 0.29, "taker_side": "yes", "ticker": "KXINX-26FEB20H1600-B6937", "trade_id": "493fca6f-c492-55ae-a4b1-b947af9636ce", "yes_price": 29, "yes_price_dollars": "0.2900"}
{"count": 41, "count_fp": "41.00", "created_time": "2026-02-20T15:54:37.350071Z", "no_price": 76, "no_price_dollars": "0.7600", "price": 0.24, "taker_side": "yes", "ticker": "KXINX-26FEB20H1600-B6937", "trade_id": "7f968242-331e-76c5-8aa2-24727058b3f3", "yes_price": 24, "yes_price_dollars": "0.2400"}
{"count": 4, "count_fp": "4.00", "created_time": "2026-02-20T15:54:21.494763Z", "no_price": 76, "no_price_dollars": "0.7600", "price": 0.24, "taker_side": "no", "ticker": "KXINX-26FEB20H1600-B6937", "trade_id": "7d34aa0b-392b-6f2f-87ea-666a54c8e1d8", "yes_price": 24, "yes_price_dollars": "0.2400"}
{"count": 100, "count_fp": "100.00", "created_time": "2026-02-20T15:53:06.704768Z", "no_price": 77, "no_price_dollars": "0.7700", "price": 0.23, "taker_side": "yes", "ticker": "KXINX-26FEB20H1600-B6937", "trade_id": "e255b48d-8f98-4d29-b6be-3ee6d3f6dc0e", "yes_price": 23, "yes_price_dollars": "0.2300"}
{"count": 49, "count_fp": "49.00", "created_time": "2026-02-20T15:53:06.704768Z", "no_price": 74, "no_price_dollars": "0.7400", "price": 0.26, "taker_side": "yes", "ticker": "KXINX-26FEB20H1600-B6937", "trade_id": "c76c7321-caf7-41e7-897f-359ce2e1c36d", "yes_price": 26, "yes_price_dollars": "0.2600"}
{"count": 228, "count_fp": "228.00", "created_time": "2026-02-20T15:53:06.704768Z", "no_price": 73, "no_price_dollars": "0.7300", "price": 0.27, "taker_side": "yes", "ticker": "KXINX-26FEB20H1600-B6937", "trade_id": "9423ccc9-b28e-48a6-8bd5-974e61df98ae", "yes_price": 27, "yes_price_dollars": "0.2700"}
{"count": 1, "count_fp": "1.00", "created_time": "2026-02-20T15:52:17.282106Z", "no_price": 78, "no_price_dollars": "0.7800", "price": 0.22, "taker_side": "yes", "ticker": "KXINX-26FEB20H1600-B6937", "trade_id": "42e371d6-530c-7d0a-9d57-90c08469be2e", "yes_price": 22, "yes_price_dollars": "0.2200"}
{"count": 1, "count_fp": "1.00", "created_time": "2026-02-20T15:49:56.413553Z", "no_price": 79, "no_price_dollars": "0.7900", "price": 0.21, "taker_side": "no", "ticker": "KXINX-26FEB20H1600-B6937", "trade_id": "702654fe-e51b-6797-a73f-6e32344217d8", "yes_price": 21, "yes_price_dollars": "0.2100"}
{"count": 2, "count_fp": "2.00", "created_time": "2026-02-20T15:49:03.897564Z", "no_price": 78, "no_price_dollars": "0.7800", "price": 0.22, "taker_side": "yes", "ticker": "KXINX-26FEB20H1600-B6937", "trade_id": "ce2dc94c-27b1-7291-8b3d-4ff371b2be97", "yes_price": 22, "yes_price_dollars": "0.2200"}
{"count": 2, "count_fp": "2.00", "created_time": "2026-02-20T15:47:40.036267Z", "no_price": 83, "no_price_dollars": "0.8300", "price": 0.17, "taker_side": "no", "ticker": "KXINX-26FEB20H1600-B6937", "trade_id": "bc521b1b-d56b-402b-931c-8f4d505b2078", "yes_price": 17, "yes_price_dollars": "0.1700"}
{"count": 3, "count_fp": "3.00", "created_time": "2026-02-20T15:47:40.036267Z", "no_price": 83, "no_price_dollars": "0.8300", "price": 0.17, "taker_side": "no", "ticker": "KXINX-26FEB20H1600-B6937", "trade_id": "01a728fe-38b4-4592-9d6c-ba6bd6962c31", "yes_price": 17, "yes_price_dollars": "0.1700"}
{"count": 28, "count_fp": "28.00", "created_time": "2026-02-20T15:46:27.556197Z", "no_price": 81, "no_price_dollars": "0.8100", "price": 0.19, "taker_side": "yes", "ticker": "KXINX-26FEB20H1600-B6937", "trade_id": "8013c9e9-da6e-723a-a907-cadb526b96aa", "yes_price": 19, "yes_price_dollars": "0.1900"}
{"count": 5, "count_fp": "5.00", "created_time": "2026-02-20T15:43:39.183825Z", "no_price": 83, "no_price_dollars": "0.8300", "price": 0.17, "taker_side": "yes", "ticker": "KXINX-26FEB20H1600-B6937", "trade_id": "34a09f60-976b-7e5a-8e7a-014713fd3462", "yes_price": 17, "yes_price_dollars": "0.1700"}
{"count": 2, "count_fp": "2.00", "created_time": "2026-02-20T15:42:35.699647Z", "no_price": 85, "no_price_dollars": "0.8500", "price": 0.15, "taker_side": "no", "ticker": "KXINX-26FEB20H1600-B6937", "trade_id": "b571e432-b63d-6409-f3d9-2216827803c4", "yes_price": 15, "yes_price_dollars": "0.1500"}
{"count": 2, "count_fp": "2.00", "created_time": "2026-02-20T15:40:40.367035Z", "no_price": 86, "no_price_dollars": "0.8600", "price": 0.14, "taker_side": "no", "ticker": "KXINX-26FEB20H1600-B6937", "trade_id": "d290f2d0-9209-64d1-ebda-6656f9cc77d1", "yes_price": 14, "yes_price_dollars": "0.1400"}
{"count": 2, "count_fp": "2.00", "created_time": "2026-02-20T15:32:03.428005Z", "no_price": 86, "no_price_dollars": "0.8600", "price": 0.14, "taker_side": "no", "ticker": "KXINX-26FEB20H1600-B6937", "trade_id": "779469f5-2f3f-7517-123d-24ada48675b8", "yes_price": 14, "yes_price_dollars": "0.1400"}
{"count": 2, "count_fp": "2.00", "created_time": "2026-02-20T15:31:43.235871Z", "no_price": 87, "no_price_dollars": "0.8700", "price": 0.13, "taker_side": "yes", "ticker": "KXINX-26FEB20H1600-B6937", "trade_id": "0fa91e8e-1779-67e8-fc6b-27c688c4c19b", "yes_price": 13, "yes_price_dollars": "0.1300"}
{"count": 1, "count_fp": "1.00", "created_time": "2026-02-20T15:30:04.38198Z", "no_price": 87, "no_price_dollars": "0.8700", "price": 0.13, "taker_side": "no", "ticker": "KXINX-26FEB20H1600-B6937", "trade_id": "7dd531cd-c77b-6d07-5166-540b236081b4", "yes_price": 13, "yes_price_dollars": "0.1300"}
{"count": 5, "count_fp": "5.00", "created_time": "2026-02-20T15:28:35.065368Z", "no_price": 84, "no_price_dollars": "0.8400", "price": 0.16, "taker_side": "no", "ticker": "KXINX-26FEB20H1600-B6937", "trade_id": "eb9a422d-1ec3-60e8-ea64-b6bc90f6f241", "yes_price": 16, "yes_price_dollars": "0.1600"}
{"count": 88, "count_fp": "88.00", "created_time": "2026-02-20T15:27:43.762133Z", "no_price": 80, "no_price_dollars": "0.8000", "price": 0.2, "taker_side": "yes", "ticker": "KXINX-26FEB20H1600-B6937", "trade_id": "3a642781-c4aa-530e-7378-eb31cbd3699a", "yes_price": 20, "yes_price_dollars": "0.2000"}
{"count": 5, "count_fp": "5.00", "created_time": "2026-02-20T15:25:06.062867Z", "no_price": 82, "no_price_dollars": "0.8200", "price": 0.18, "taker_side": "yes", "ticker": "KXINX-26FEB20H1600-B6937", "trade_id": "f0f0ca22-cea7-50b9-c63e-3d54888a2050", "yes_price": 18, "yes_price_dollars": "0.1800"}
{"count": 42, "count_fp": "42.00", "created_time": "2026-02-20T15:25:06.062867Z", "no_price": 79, "no_price_dollars": "0.7900", "price": 0.21, "taker_side": "yes", "ticker": "KXINX-26FEB20H1600-B6937", "trade_id": "9b4ae71a-2b1a-597a-c31e-0687a20b836e", "yes_price": 21, "yes_price_dollars": "0.2100"}
{"count": 5, "count_fp": "5.00", "created_time": "2026-02-20T15:18:56.73445Z", "no_price": 85, "no_price_dollars": "0.8500", "price": 0.15, "taker_side": "yes", "ticker": "KXINX-26FEB20H1600-B6937", "trade_id": "e32552e1-5f37-6f1a-cec8-dfbf1929d275", "yes_price": 15, "yes_price_dollars": "0.1500"}
{"count": 100, "count_fp": "100.00", "created_time": "2026-02-20T15:13:03.941235Z", "no_price": 84, "no_price_dollars": "0.8400", "price": 0.16, "taker_side": "no", "ticker": "KXINX-26FEB20H1600-B6937", "trade_id": "042f8930-67cb-65d3-e003-ceee5132643b", "yes_price": 16, "yes_price_dollars": "0.1600"}
{"count": 2, "count_fp": "2.00", "created_time": "2026-02-20T15:08:49.53493Z", "no_price": 87, "no_price_dollars": "0.8700", "price": 0.13, "taker_side": "yes", "ticker": "KXINX-26FEB20H1600-B6937", "trade_id": "675b4d2a-b9a7-6a85-c3cd-a1b70bf68f94", "yes_price": 13, "yes_price_dollars": "0.1300"}
{"count": 1, "count_fp": "1.00", "created_time": "2026-02-20T15:03:38.871598Z", "no_price": 83, "no_price_dollars": "0.8300", "price": 0.17, "taker_side": "no", "ticker": "KXINX-26FEB20H1600-B6937", "trade_id": "332a86dc-bfa0-6f55-e0ff-33d9eb5b9257", "yes_price": 17, "yes_price_dollars": "0.1700"}
{"count": 25, "count_fp": "25.00", "created_time": "2026-02-20T15:01:42.549777Z", "no_price": 80, "no_price_dollars": "0.8000", "price": 0.2, "taker_side": "yes", "ticker": "KXINX-26FEB20H1600-B6937", "trade_id": "c0187373-cf89-4e9c-45fe-eca4322ffff5", "yes_price": 20, "yes_price_dollars": "0.2000"}
{"count": 5, "count_fp": "5.00", "created_time": "2026-02-20T15:01:35.762265Z", "no_price": 81, "no_price_dollars": "0.8100", "price": 0.19, "taker_side": "no", "ticker": "KXINX-26FEB20H1600-B6937", "trade_id": "9e4d5c68-8cae-7971-e6d3-f228ee2ef21d", "yes_price": 19, "yes_price_dollars": "0.1900"}
{"count": 3, "count_fp": "3.00", "created_time": "2026-02-20T15:01:35.739939Z", "no_price": 85, "no_price_dollars": "0.8500", "price": 0.15, "taker_side": "yes", "ticker": "KXINX-26FEB20H1600-B6937", "trade_id": "ccd837cb-0baa-4eb8-5089-0ee194210e25", "yes_price": 15, "yes_price_dollars": "0.1500"}
{"count": 435, "count_fp": "435.00", "created_time": "2026-02-20T15:01:35.713499Z", "no_price": 86, "no_price_dollars": "0.8600", "price": 0.14, "taker_side": "yes", "ticker": "KXINX-26FEB20H1600-B6937", "trade_id": "e5a94593-f74d-7032-6091-7e4a7c303764", "yes_price": 14, "yes_price_dollars": "0.1400"}
{"count": 5, "count_fp": "5.00", "created_time": "2026-02-20T15:01:11.746935Z", "no_price": 90, "no_price_dollars": "0.9000", "price": 0.1, "taker_side": "yes", "ticker": "KXINX-26FEB20H1600-B6937", "trade_id": "3b0fe3f2-74a5-5411-b552-d9704a6c36c8", "yes_price": 10, "yes_price_dollars": "0.1000"}
{"count": 5, "count_fp": "5.00", "created_time": "2026-02-20T14:43:05.668123Z", "no_price": 91, "no_price_dollars": "0.9100", "price": 0.09, "taker_side": "no", "ticker": "KXINX-26FEB20H1600-B6937", "trade_id": "a9f9f7ce-4b59-4430-60dc-818dac0a1c54", "yes_price": 9, "yes_price_dollars": "0.0900"}
{"count": 33, "count_fp": "33.00", "created_time": "2026-02-20T14:42:10.737288Z", "no_price": 93, "no_price_dollars": "0.9300", "price": 0.07, "taker_side": "yes", "ticker": "KXINX-26FEB20H1600-B6937", "trade_id": "150c49f5-a1c3-66d7-29b9-be846dbaeea6", "yes_price": 7, "yes_price_dollars": "0.0700"}
{"count": 5, "count_fp": "5.00", "created_time": "2026-02-20T14:42:10.737288Z", "no_price": 93, "no_price_dollars": "0.9300", "price": 0.07, "taker_side": "yes", "ticker": "KXINX-26FEB20H1600-B6937", "trade_id": "125d0f39-f3d9-62d7-3e83-cf199a4fa5a2", "yes_price": 7, "yes_price_dollars": "0.0700"}
{"count": 62, "count_fp": "62.00", "created_time": "2026-02-20T12:56:46.251934Z", "no_price": 86, "no_price_dollars": "0.8600", "price": 0.14, "taker_side": "yes", "ticker": "KXINX-26FEB20H1600-B6937", "trade_id": "49e17b72-edbd-6f32-8bcd-c28367f7cc7c", "yes_price": 14, "yes_price_dollars": "0.1400"}
{"count": 1, "count_fp": "1.00", "created_time": "2026-02-20T11:41:49.475036Z", "no_price": 93, "no_price_dollars": "0.9300", "price": 0.07, "taker_side": "no", "ticker": "KXINX-26FEB20H1600-B6937", "trade_id": "aa9e1bdb-e7d8-5be7-e736-ee5f81207346", "yes_price": 7, "yes_price_dollars": "0.0700"}
{"count": 1, "count_fp": "1.00", "created_time": "2026-02-20T11:41:49.475036Z", "no_price": 93, "no_price_dollars": "0.9300", "price": 0.07, "taker_side": "no", "ticker": "KXINX-26FEB20H1600-B6937", "trade_id": "8b5708d6-ad63-52e0-f136-4086b9f4737a", "yes_price": 7, "yes_price_dollars": "0.0700"}
{"count": 3, "count_fp": "3.00", "created_time": "2026-02-20T11:41:49.475036Z", "no_price": 93, "no_price_dollars": "0.9300", "price": 0.07, "taker_side": "no", "ticker": "KXINX-26FEB20H1600-B6937", "trade_id": "37a64c64-2880-53bc-f404-105e2d85064f", "yes_price": 7, "yes_price_dollars": "0.0700"}
{"count": 2, "count_fp": "2.00", "created_time": "2026-02-20T07:46:25.604771Z", "no_price": 87, "no_price_dollars": "0.8700", "price": 0.13, "taker_side": "yes", "ticker": "KXINX-26FEB20H1600-B6937", "trade_id": "f8765ffe-53bc-4929-bcb9-b3545eeccdd2", "yes_price": 13, "yes_price_dollars": "0.1300"}
{"count": 96, "count_fp": "96.00", "created_time": "2026-02-20T07:46:25.604771Z", "no_price": 86, "no_price_dollars": "0.8600", "price": 0.14, "taker_side": "yes", "ticker": "KXINX-26FEB20H1600-B6937", "trade_id": "822f59fb-f161-42be-83b7-f686e2ccb60c", "yes_price": 14, "yes_price_dollars": "0.1400"}
{"count": 43, "count_fp": "43.00", "created_time": "2026-02-20T07:46:25.604771Z", "no_price": 87, "no_price_dollars": "0.8700", "price": 0.13, "taker_side": "yes", "ticker": "KXINX-26FEB20H1600-B6937", "trade_id": "2dfdbefe-6963-4f32-8e88-9f3ed10fec68", "yes_price": 13, "yes_price_dollars": "0.1300"}
{"count": 20, "count_fp": "20.00", "created_time": "2026-02-20T07:20:58.336033Z", "no_price": 87, "no_price_dollars": "0.8700", "price": 0.13, "taker_side": "yes", "ticker": "KXINX-26FEB20H1600-B6937", "trade_id": "3d339d4e-b89b-7822-2008-4635c5334d84", "yes_price": 13, "yes_price_dollars": "0.1300"}
{"count": 2, "count_fp": "2.00", "created_time": "2026-02-20T05:01:35.533109Z", "no_price": 92, "no_price_dollars": "0.9200", "price": 0.08, "taker_side": "no", "ticker": "KXINX-26FEB20H1600-B6937", "trade_id": "6e0e4807-c8c0-4238-8d87-9425525f45df", "yes_price": 8, "yes_price_dollars": "0.0800"}
{"count": 37, "count_fp": "37.00", "created_time": "2026-02-20T01:36:52.638363Z", "no_price": 87, "no_price_dollars": "0.8700", "price": 0.13, "taker_side": "yes", "ticker": "KXINX-26FEB20H1600-B6937", "trade_id": "edfc7762-7663-48aa-7e75-95ce766181e8", "yes_price": 13, "yes_price_dollars": "0.1300"}
{"count": 1, "count_fp": "1.00", "created_time": "2026-02-20T00:00:23.71078Z", "no_price": 89, "no_price_dollars": "0.8900", "price": 0.11, "taker_side": "no", "ticker": "KXINX-26FEB20H1600-B6937", "trade_id": "5738c8c1-5d0e-5b64-7bee-b5b7dc8fad06", "yes_price": 11, "yes_price_dollars": "0.1100"}
{"count": 10, "count_fp": "10.00", "created_time": "2026-02-20T20:59:44.767213Z", "no_price": 1, "no_price_dollars": "0.0100", "price": 0.99, "taker_side": "yes", "ticker": "KXINX-26FEB20H1600-B6912", "trade_id": "7df820d4-b850-53a7-8468-7328c5bc2681", "yes_price": 99, "yes_price_dollars": "0.9900"}
{"count": 29, "count_fp": "29.00", "created_time": "2026-02-20T20:59:44.767213Z", "no_price": 1, "no_price_dollars": "0.0100", "price": 0.99, "taker_side": "yes", "ticker": "KXINX-26FEB20H1600-B6912", "trade_id": "6f3ad12e-a2f3-5156-a7eb-c42134e68de6", "yes_price": 99, "yes_price_dollars": "0.9900"}
{"count": 23, "count_fp": "23.00", "created_time": "2026-02-20T20:59:40.022378Z", "no_price": 4, "no_price_dollars": "0.0400", "price": 0.96, "taker_side": "no", "ticker": "KXINX-26FEB20H1600-B6912", "trade_id": "a1fd3607-b5b3-6663-d4ed-2c3f430c9837", "yes_price": 96, "yes_price_dollars": "0.9600"}
{"count": 5, "count_fp": "5.00", "created_time": "2026-02-20T20:59:40.022378Z", "no_price": 3, "no_price_dollars": "0.0300", "price": 0.97, "taker_side": "no", "ticker": "KXINX-26FEB20H1600-B6912", "trade_id": "8b95c578-9e2a-6096-f054-7b6c2b49592b", "yes_price": 97, "yes_price_dollars": "0.9700"}
{"count": 100, "count_fp": "100.00", "created_time": "2026-02-20T20:59:40.022378Z", "no_price": 2, "no_price_dollars": "0.0200", "price": 0.98, "taker_side": "no", "ticker": "KXINX-26FEB20H1600-B6912", "trade_id": "233b321c-5fcc-6652-d586-3dca240a6121", "yes_price": 98, "yes_price_dollars": "0.9800"}
{"count": 50, "count_fp": "50.00", "created_time": "2026-02-20T20:59:35.359317Z", "no_price": 1, "no_price_dollars": "0.0100", "price": 0.99, "taker_side": "yes", "ticker": "KXINX-26FEB20H1600-B6912", "trade_id": "32f70cec-3f4f-6b26-96f9-61f6691fedfa", "yes_price": 99, "yes_price_dollars": "0.9900"}
{"count": 41, "count_fp": "41.00", "created_time": "2026-02-20T20:59:00.918494Z", "no_price": 1, "no_price_dollars": "0.0100", "price": 0.99, "taker_side": "yes", "ticker": "KXINX-26FEB20H1600-B6912", "trade_id": "cf2129ce-95b7-66d6-9be3-a481ae375d22", "yes_price": 99, "yes_price_dollars": "0.9900"}
{"count": 10, "count_fp": "10.00", "created_time": "2026-02-20T20:58:44.451698Z", "no_price": 1, "no_price_dollars": "0.0100", "price": 0.99, "taker_side": "yes", "ticker": "KXINX-26FEB20H1600-B6912", "trade_id": "8c942c8b-4bf7-4f76-1e3c-ba04ebec768e", "yes_price": 99, "yes_price_dollars": "0.9900"}
{"count": 70, "count_fp": "70.00", "created_time": "2026-02-20T20:58:36.910976Z", "no_price": 1, "no_price_dollars": "0.0100", "price": 0.99, "taker_side": "yes", "ticker": "KXINX-26FEB20H1600-B6912", "trade_id": "1b70848d-82df-4f5a-f96a-35f3fc15c0fe", "yes_price": 99, "yes_price_dollars": "0.9900"}
{"count": 34, "count_fp": "34.00", "created_time": "2026-02-20T20:58:12.687138Z", "no_price": 5, "no_price_dollars": "0.0500", "price": 0.95, "taker_side": "no", "ticker": "KXINX-26FEB20H1600-B6912", "trade_id": "11e5567c-4c87-704d-2d72-3fc9bbefe036", "yes_price": 95, "yes_price_dollars": "0.9500"}
{"count": 5, "count_fp": "5.00", "created_time": "2026-02-20T20:58:12.687138Z", "no_price": 4, "no_price_dollars": "0.0400", "price": 0.96, "taker_side": "no", "ticker": "KXINX-26FEB20H1600-B6912", "trade_id": "0c81f01c-82d7-7749-3ffd-90c1f79edb98", "yes_price": 96, "yes_price_dollars": "0.9600"}
{"count": 12, "count_fp": "12.00", "created_time": "2026-02-20T20:57:54.16275Z", "no_price": 2, "no_price_dollars": "0.0200", "price": 0.98, "taker_side": "no", "ticker": "KXINX-26FEB20H1600-B6912", "trade_id": "d1205e90-9db2-6b35-a56b-6c8acdae7f3f", "yes_price": 98, "yes_price_dollars": "0.9800"}
{"count": 5, "count_fp": "5.00", "created_time": "2026-02-20T20:57:53.936482Z", "no_price": 2, "no_price_dollars": "0.0200", "price": 0.98, "taker_side": "yes", "ticker": "KXINX-26FEB20H1600-B6912", "trade_id": "539910f8-3b75-60ed-5a4e-ebfe85ca099e", "yes_price": 98, "yes_price_dollars": "0.9800"}
{"count": 5, "count_fp": "5.00", "created_time": "2026-02-20T20:57:33.998967Z", "no_price": 3, "no_price_dollars": "0.0300", "price": 0.97, "taker_side": "yes", "ticker": "KXINX-26FEB20H1600-B6912", "trade_id": "b38563a9-5554-7eb1-38c9-b6efce2070c2", "yes_price": 97, "yes_price_dollars": "0.9700"}
{"count": 95, "count_fp": "95.00", "created_time": "2026-02-20T20:57:33.998967Z", "no_price": 3, "no_price_dollars": "0.0300", "price": 0.97, "taker_side": "yes", "ticker": "KXINX-26FEB20H1600-B6912", "trade_id": "340b75b2-7bf8-7284-0a24-3967c2ceca1f", "yes_price": 97, "yes_price_dollars": "0.9700"}
{"count": 42, "count_fp": "42.00", "created_time": "2026-02-20T20:57:21.958588Z", "no_price": 7, "no_price_dollars": "0.0700", "price": 0.93, "taker_side": "no", "ticker": "KXINX-26FEB20H1600-B6912", "trade_id": "ad1e85ee-bbee-53d6-04ee-3f27d031c09f", "yes_price": 93, "yes_price_dollars": "0.9300"}
{"count": 8, "count_fp": "8.00", "created_time": "2026-02-20T20:57:21.958588Z", "no_price": 6, "no_price_dollars": "0.0600", "price": 0.94, "taker_side": "no", "ticker": "KXINX-26FEB20H1600-B6912", "trade_id": "81d6d388-4eee-5e6c-12e3-ef1b7d4564c8", "yes_price": 94, "yes_price_dollars": "0.9400"}
{"count": 73, "count_fp": "73.00", "created_time": "2026-02-20T20:57:08.306328Z", "no_price": 6, "no_price_dollars": "0.0600", "price": 0.94, "taker_side": "no", "ticker": "KXINX-26FEB20H1600-B6912", "trade_id": "4b046124-2b36-5a2e-6194-dc8cd1fb0873", "yes_price": 94, "yes_price_dollars": "0.9400"}
{"count": 8, "count_fp": "8.00", "created_time": "2026-02-20T20:57:08.306328Z", "no_price": 5, "no_price_dollars": "0.0500", "price": 0.95, "taker_side": "no", "ticker": "KXINX-26FEB20H1600-B6912", "trade_id": "3c10c240-52f3-5c2e-69c6-57aa6f51c0bb", "yes_price": 95, "yes_price_dollars": "0.9500"}
{"count": 17, "count_fp": "17.00", "created_time": "2026-02-20T20:56:42.119124Z", "no_price": 9, "no_price_dollars": "0.0900", "price": 0.91, "taker_side": "no", "ticker": "KXINX-26FEB20H1600-B6912", "trade_id": "6c323276-3c0b-4b40-e823-301a567968f0", "yes_price": 91, "yes_price_dollars": "0.9100"}
{"count": 28, "count_fp": "28.00", "created_time": "2026-02-20T20:56:42.119124Z", "no_price": 10, "no_price_dollars": "0.1000", "price": 0.9, "taker_side": "no", "ticker": "KXINX-26FEB20H1600-B6912", "trade_id": "2cb40ddf-b716-43a2-c308-0454e5f76c53", "yes_price": 90, "yes_price_dollars": "0.9000"}
{"count": 16, "count_fp": "16.00", "created_time": "2026-02-20T20:56:29.97429Z", "no_price": 10, "no_price_dollars": "0.1000", "price": 0.9, "taker_side": "yes", "ticker": "KXINX-26FEB20H1600-B6912", "trade_id": "119cb979-7bb5-5e0d-2c03-0736dfb45759", "yes_price": 90, "yes_price_dollars": "0.9000"}
{"count": 1, "count_fp": "1.00", "created_time": "2026-02-20T20:56:06.363335Z", "no_price": 12, "no_price_dollars": "0.1200", "price": 0.88, "taker_side": "no", "ticker": "KXINX-26FEB20H1600-B6912", "trade_id": "f6220d5b-4d3d-5d08-4530-bce7ee6e95df", "yes_price": 88, "yes_price_dollars": "0.8800"}
{"count": 11, "count_fp": "11.00", "created_time": "2026-02-20T20:56:06.363335Z", "no_price": 11, "no_price_dollars": "0.1100", "price": 0.89, "taker_side": "no", "ticker": "KXINX-26FEB20H1600-B6912", "trade_id": "d4dbbd5d-7ba7-5108-6186-b799d39fbd9b", "yes_price": 89, "yes_price_dollars": "0.8900"}
{"count": 27, "count_fp": "27.00", "created_time": "2026-02-20T20:56:06.363335Z", "no_price": 12, "no_price_dollars": "0.1200", "price": 0.88, "taker_side": "no", "ticker": "KXINX-26FEB20H1600-B6912", "trade_id": "a44a8bec-1670-5fd1-598d-ef46256b2a13", "yes_price": 88, "yes_price_dollars": "0.8800"}
{"count": 1, "count_fp": "1.00", "created_time": "2026-02-20T20:55:47.697328Z", "no_price": 8, "no_price_dollars": "0.0800", "price": 0.92, "taker_side": "yes", "ticker": "KXINX-26FEB20H1600-B6912", "trade_id": "ff3f4654-3a44-477a-ffd9-9e7b4ac8f761", "yes_price": 92, "yes_price_dollars": "0.9200"}
{"count": 10, "count_fp": "10.00", "created_time": "2026-02-20T20:55:36.518449Z", "no_price": 10, "no_price_dollars": "0.1000", "price": 0.9, "taker_side": "yes", "ticker": "KXINX-26FEB20H1600-B6912", "trade_id": "96b4e83c-98e8-7340-1210-61079921819f", "yes_price": 90, "yes_price_dollars": "0.9000"}
{"count": 36, "count_fp": "36.00", "created_time": "2026-02-20T20:55:36.518449Z", "no_price": 10, "no_price_dollars": "0.1000", "price": 0.9, "taker_side": "yes", "ticker": "KXINX-26FEB20H1600-B6912", "trade_id": "6f18f1c9-0323-7664-3e51-c2291cf6fead", "yes_price": 90, "yes_price_dollars": "0.9000"}
{"count": 50, "count_fp": "50.00", "created_time": "2026-02-20T20:55:36.518449Z", "no_price": 12, "no_price_dollars": "0.1200", "price": 0.88, "taker_side": "yes", "ticker": "KXINX-26FEB20H1600-B6912", "trade_id": "59531dcd-5feb-7fd1-2b64-5e263704b1e3", "yes_price": 88, "yes_price_dollars": "0.8800"}
{"count": 32, "count_fp": "32.00", "created_time": "2026-02-20T20:55:28.489716Z", "no_price": 15, "no_price_dollars": "0.1500", "price": 0.85, "taker_side": "no", "ticker": "KXINX-26FEB20H1600-B6912", "trade_id": "2964488d-ce36-7d0e-fcd8-d24a9b5f591b", "yes_price": 85, "yes_price_dollars": "0.8500"}
{"count": 3, "count_fp": "3.00", "created_time": "2026-02-20T20:55:24.620827Z", "no_price": 15, "no_price_dollars": "0.1500", "price": 0.85, "taker_side": "yes", "ticker": "KXINX-26FEB20H1600-B6912", "trade_id": "23c72267-f048-5f03-4086-920e29472f38", "yes_price": 85, "yes_price_dollars": "0.8500"}
{"count": 5, "count_fp": "5.00", "created_time": "2026-02-20T20:55:23.917903Z", "no_price": 17, "no_price_dollars": "0.1700", "price": 0.83, "taker_side": "no", "ticker": "KXINX-26FEB20H1600-B6912", "trade_id": "d738f820-1138-6e2f-bd64-42eada5199d6", "yes_price": 83, "yes_price_dollars": "0.8300"}
{"count": 23, "count_fp": "23.00", "created_time": "2026-02-20T20:55:23.917903Z", "no_price": 17, "no_price_dollars": "0.1700", "price": 0.83, "taker_side": "no", "ticker": "KXINX-26FEB20H1600-B6912", "trade_id": "cdac3bd0-ba9a-6dfa-a72e-ae00a0f3dfeb", "yes_price": 83, "yes_price_dollars": "0.8300"}
{"count": 5, "count_fp": "5.00", "created_time": "2026-02-20T20:55:04.123006Z", "no_price": 16, "no_price_dollars": "0.1600", "price": 0.84, "taker_side": "no", "ticker": "KXINX-26FEB20H1600-B6912", "trade_id": "5e5d3da5-dc40-6169-95ae-3d3a2b06324a", "yes_price": 84, "yes_price_dollars": "0.8400"}
{"count": 5, "count_fp": "5.00", "created_time": "2026-02-20T20:54:30.474084Z", "no_price": 19, "no_price_dollars": "0.1900", "price": 0.81, "taker_side": "yes", "ticker": "KXINX-26FEB20H1600-B6912", "trade_id": "2f05011c-9e6d-47c9-7f61-f0fda0df7837", "yes_price": 81, "yes_price_dollars": "0.8100"}
{"count": 5, "count_fp": "5.00", "created_time": "2026-02-20T20:54:10.21083Z", "no_price": 31, "no_price_dollars": "0.3100", "price": 0.69, "taker_side": "yes", "ticker": "KXINX-26FEB20H1600-B6912", "trade_id": "47cd0561-b5cc-4514-78fb-73ac56b2af1c", "yes_price": 69, "yes_price_dollars": "0.6900"}
{"count": 56, "count_fp": "56.00", "created_time": "2026-02-20T20:54:03.491311Z", "no_price": 34, "no_price_dollars": "0.3400", "price": 0.66, "taker_side": "no", "ticker": "KXINX-26FEB20H1600-B6912", "trade_id": "8180e877-9cd6-7711-b197-898087988ac1", "yes_price": 66, "yes_price_dollars": "0.6600"}
{"count": 36, "count_fp": "36.00", "created_time": "2026-02-20T20:53:09.111794Z", "no_price": 34, "no_price_dollars": "0.3400", "price": 0.66, "taker_side": "yes", "ticker": "KXINX-26FEB20H1600-B6912", "trade_id": "7c7eee3f-6afd-6544-8cf7-c2f1469ea042", "yes_price": 66, "yes_price_dollars": "0.6600"}
{"count": 9, "count_fp": "9.00", "created_time": "2026-02-20T20:52:40.315254Z", "no_price": 36, "no_price_dollars": "0.3600", "price": 0.64, "taker_side": "no", "ticker": "KXINX-26FEB20H1600-B6912", "trade_id": "809bbf29-f03e-5a8d-d88f-1b73603f348e", "yes_price": 64, "yes_price_dollars": "0.6400"}
{"count": 41, "count_fp": "41.00", "created_time": "2026-02-20T20:52:24.297858Z", "no_price": 32, "no_price_dollars": "0.3200", "price": 0.68, "taker_side": "yes", "ticker": "KXINX-26FEB20H1600-B6912", "trade_id": "7e6d208d-bc58-68b9-2584-42a2380e59e3", "yes_price": 68, "yes_price_dollars": "0.6800"}
{"count": 5, "count_fp": "5.00", "created_time": "2026-02-20T20:52:23.184341Z", "no_price": 31, "no_price_dollars": "0.3100", "price": 0.69, "taker_side": "no", "ticker": "KXINX-26FEB20H1600-B6912", "trade_id": "0c4ac711-ee15-42a0-8c63-fc589e149e1b", "yes_price": 69, "yes_price_dollars": "0.6900"}
{"count": 10, "count_fp": "10.00", "created_time": "2026-02-20T20:52:15.90329Z", "no_price": 26, "no_price_dollars": "0.2600", "price": 0.74, "taker_side": "yes", "ticker": "KXINX-26FEB20H1600-B6912", "trade_id": "b0f96b3a-e198-7b59-f97d-8fe93c64e8eb", "yes_price": 74, "yes_price_dollars": "0.7400"}
{"count": 9, "count_fp": "9.00", "created_time": "2026-02-20T20:52:08.41658Z", "no_price": 26, "no_price_dollars": "0.2600", "price": 0.74, "taker_side": "no", "ticker": "KXINX-26FEB20H1600-B6912", "trade_id": "10599870-5c89-45f9-9e57-776a0b86cf05", "yes_price": 74, "yes_price_dollars": "0.7400"}
{"count": 5, "count_fp": "5.00", "created_time": "2026-02-20T20:52:06.126924Z", "no_price": 24, "no_price_dollars": "0.2400", "price": 0.76, "taker_side": "no", "ticker": "KXINX-26FEB20H1600-B6912", "trade_id": "5b4a894f-2028-4367-90fb-a71ccadcaf53", "yes_price": 76, "yes_price_dollars": "0.7600"}
{"count": 1303, "count_fp": "1303.00", "created_time": "2026-02-20T20:51:34.439686Z", "no_price": 25, "no_price_dollars": "0.2500", "price": 0.75, "taker_side": "yes", "ticker": "KXINX-26FEB20H1600-B6912", "trade_id": "fab7ff0d-f5bc-7105-9851-a3e6ca02c067", "yes_price": 75, "yes_price_dollars": "0.7500"}
{"count": 18, "count_fp": "18.00", "created_time": "2026-02-20T20:51:34.439686Z", "no_price": 26, "no_price_dollars": "0.2600", "price": 0.74, "taker_side": "yes", "ticker": "KXINX-26FEB20H1600-B6912", "trade_id": "b1a00edd-2cfa-791b-af5c-f23324540c23", "yes_price": 74, "yes_price_dollars": "0.7400"}
{"count": 78, "count_fp": "78.00", "created_time": "2026-02-20T20:51:22.619018Z", "no_price": 31, "no_price_dollars": "0.3100", "price": 0.69, "taker_side": "yes", "ticker": "KXINX-26FEB20H1600-B6912", "trade_id": "9f54697c-5b11-5d84-6894-1812dd3dffbb", "yes_price": 69, "yes_price_dollars": "0.6900"}
{"count": 5, "count_fp": "5.00", "created_time": "2026-02-20T20:51:22.619018Z", "no_price": 32, "no_price_dollars": "0.3200", "price": 0.68, "taker_side": "yes", "ticker": "KXINX-26FEB20H1600-B6912", "trade_id": "9dd594d8-b40d-56c0-4e25-9efc85b2fb19", "yes_price": 68, "yes_price_dollars": "0.6800"}
{"count": 920, "count_fp": "920.00", "created_time": "2026-02-20T20:51:22.619018Z", "no_price": 31, "no_price_dollars": "0.3100", "price": 0.69, "taker_side": "yes", "ticker": "KXINX-26FEB20H1600-B6912", "trade_id": "904d46f0-6208-5279-4532-282b1fefe0b3", "yes_price": 69, "yes_price_dollars": "0.6900"}
{"count": 5, "count_fp": "5.00", "created_time": "2026-02-20T20:51:10.776884Z", "no_price": 39, "no_price_dollars": "0.3900", "price": 0.61, "taker_side": "no", "ticker": "KXINX-26FEB20H1600-B6912", "trade_id": "0bb6fdc9-d28f-725a-f2fe-291cd8ccbf58", "yes_price": 61, "yes_price_dollars": "0.6100"}
{"count": 5, "count_fp": "5.00", "created_time": "2026-02-20T20:51:02.137098Z", "no_price": 32, "no_price_dollars": "0.3200", "price": 0.68, "taker_side": "no", "ticker": "KXINX-26FEB20H1600-B6912", "trade_id": "bc226a6c-022a-7b49-d357-ca087c5d2808", "yes_price": 68, "yes_price_dollars": "0.6800"}
{"count": 3, "count_fp": "3.00", "created_time": "2026-02-20T20:50:59.581399Z", "no_price": 29, "no_price_dollars": "0.2900", "price": 0.71, "taker_side": "no", "ticker": "KXINX-26FEB20H1600-B6912", "trade_id": "eb90fe29-48f1-751c-f832-98c25e0ed87b", "yes_price": 71, "yes_price_dollars": "0.7100"}
{"count": 5, "count_fp": "5.00", "created_time": "2026-02-20T20:50:53.878476Z", "no_price": 26, "no_price_dollars": "0.2600", "price": 0.74, "taker_side": "no", "ticker": "KXINX-26FEB20H1600-B6912", "trade_id": "60e33d9c-30e0-5aa7-962c-4387f0c14599", "yes_price": 74, "yes_price_dollars": "0.7400"}
{"count": 5, "count_fp": "5.00", "created_time": "2026-02-20T20:50:21.748328Z", "no_price": 23, "no_price_dollars": "0.2300", "price": 0.77, "taker_side": "no", "ticker": "KXINX-26FEB20H1600-B6912", "trade_id": "73856798-c409-418f-971c-f3e21cb4104c", "yes_price": 77, "yes_price_dollars": "0.7700"}
{"count": 5, "count_fp": "5.00", "created_time": "2026-02-20T20:50:06.66371Z", "no_price": 21, "no_price_dollars": "0.2100", "price": 0.79, "taker_side": "yes", "ticker": "KXINX-26FEB20H1600-B6912", "trade_id": "2a5d3e4e-7874-616f-ee6d-c58526f5bbe0", "yes_price": 79, "yes_price_dollars": "0.7900"}
{"count": 5, "count_fp": "5.00", "created_time": "2026-02-20T20:49:58.677256Z", "no_price": 24, "no_price_dollars": "0.2400", "price": 0.76, "taker_side": "no", "ticker": "KXINX-26FEB20H1600-B6912", "trade_id": "2d7cd8cb-4e54-61ca-a480-5539bb98d386", "yes_price": 76, "yes_price_dollars": "0.7600"}
{"count": 12, "count_fp": "12.00", "created_time": "2026-02-20T20:49:29.780302Z", "no_price": 21, "no_price_dollars": "0.2100", "price": 0.79, "taker_side": "no", "ticker": "KXINX-26FEB20H1600-B6912", "trade_id": "9ac56505-5737-63c9-89c6-f3c1c63a8f2e", "yes_price": 79, "yes_price_dollars": "0.7900"}
{"count": 5, "count_fp": "5.00", "created_time": "2026-02-20T20:49:29.780302Z", "no_price": 21, "no_price_dollars": "0.2100", "price": 0.79, "taker_side": "no", "ticker": "KXINX-26FEB20H1600-B6912", "trade_id": "46d08da4-0422-6253-a3a7-540a9f0b3ea0", "yes_price": 79, "yes_price_dollars": "0.7900"}
{"count": 10, "count_fp": "10.00", "created_time": "2026-02-20T20:49:08.532346Z", "no_price": 17, "no_price_dollars": "0.1700", "price": 0.83, "taker_side": "yes", "ticker": "KXINX-26FEB20H1600-B6912", "trade_id": "d89b572c-919d-7ec8-d45f-66360f85a1bd", "yes_price": 83, "yes_price_dollars": "0.8300"}
{"count": 12, "count_fp": "12.00", "created_time": "2026-02-20T20:48:47.308885Z", "no_price": 19, "no_price_dollars": "0.1900", "price": 0.81, "taker_side": "no", "ticker": "KXINX-26FEB20H1600-B6912", "trade_id": "b4f3b5bf-422f-5bbd-5744-6ffa8faa5388", "yes_price": 81, "yes_price_dollars": "0.8100"}
{"count": 50, "count_fp": "50.00", "created_time": "2026-02-20T20:48:47.308885Z", "no_price": 20, "no_price_dollars": "0.2000", "price": 0.8, "taker_side": "no", "ticker": "KXINX-26FEB20H1600-B6912", "trade_id": "6ec7fff5-25a6-5cb7-4caf-7a3b8b29deb4", "yes_price": 80, "yes_price_dollars": "0.8000"}
{"count": 5, "count_fp": "5.00", "created_time": "2026-02-20T20:48:47.308885Z", "no_price": 18, "no_price_dollars": "0.1800", "price": 0.82, "taker_side": "no", "ticker": "KXINX-26FEB20H1600-B6912", "trade_id": "3c9e2d56-98a2-54a2-57be-df45c521eaf9", "yes_price": 82, "yes_price_dollars": "0.8200"}
{"count": 5, "count_fp": "5.00", "created_time": "2026-02-20T20:48:39.637867Z", "no_price": 16, "no_price_dollars": "0.1600", "price": 0.84, "taker_side": "yes", "ticker": "KXINX-26FEB20H1600-B6912", "trade_id": "b8b99f29-faa3-4073-1691-f74418485dbf", "yes_price": 84, "yes_price_dollars": "0.8400"}
{"count": 5, "count_fp": "5.00", "created_time": "2026-02-20T20:48:39.637867Z", "no_price": 16, "no_price_dollars": "0.1600", "price": 0.84, "taker_side": "yes", "ticker": "KXINX-26FEB20H1600-B6912", "trade_id": "94c74b1c-ebcd-462c-30e4-87db5f65aa70", "yes_price": 84, "yes_price_dollars": "0.8400"}
{"count": 39, "count_fp": "39.00", "created_time": "2026-02-20T20:48:13.991831Z", "no_price": 22, "no_price_dollars": "0.2200", "price": 0.78, "taker_side": "no", "ticker": "KXINX-26FEB20H1600-B6912", "trade_id": "be00fcf1-dcee-4247-e895-f46efbb80080", "yes_price": 78, "yes_price_dollars": "0.7800"}
{"count": 2, "count_fp": "2.00", "created_time": "2026-02-20T20:48:13.991831Z", "no_price": 22, "no_price_dollars": "0.2200", "price": 0.78, "taker_side": "no", "ticker": "KXINX-26FEB20H1600-B6912", "trade_id": "9cda7bee-9bb8-4926-f89d-13419c3d2ad3", "yes_price": 78, "yes_price_dollars": "0.7800"}
{"count": 5, "count_fp": "5.00", "created_time": "2026-02-20T20:48:13.991831Z", "no_price": 21, "no_price_dollars": "0.2100", "price": 0.79, "taker_side": "no", "ticker": "KXINX-26FEB20H1600-B6912", "trade_id": "16de6b90-c49d-4e50-c238-639fcab7cab9", "yes_price": 79, "yes_price_dollars": "0.7900"}
{"count": 5, "count_fp": "5.00", "created_time": "2026-02-20T20:47:44.462402Z", "no_price": 21, "no_price_dollars": "0.2100", "price": 0.79, "taker_side": "yes", "ticker": "KXINX-26FEB20H1600-B6912", "trade_id": "abf29c25-ec00-62d2-a189-f19ecd3a607f", "yes_price": 79, "yes_price_dollars": "0.7900"}
{"count": 3, "count_fp": "3.00", "created_time": "2026-02-20T20:47:35.84501Z", "no_price": 22, "no_price_dollars": "0.2200", "price": 0.78, "taker_side": "no", "ticker": "KXINX-26FEB20H1600-B6912", "trade_id": "ecd7e3ff-8e78-7072-17e7-097ace0bcea7", "yes_price": 78, "yes_price_dollars": "0.7800"}
{"count": 1, "count_fp": "1.00", "created_time": "2026-02-20T20:47:32.803342Z", "no_price": 22, "no_price_dollars": "0.2200", "price": 0.78, "taker_side": "no", "ticker": "KXINX-26FEB20H1600-B6912", "trade_id": "8b1eb99a-5ef5-658c-96bb-1d364e4e907d", "yes_price": 78, "yes_price_dollars": "0.7800"}
{"count": 5, "count_fp": "5.00", "created_time": "2026-02-20T20:47:29.782272Z", "no_price": 21, "no_price_dollars": "0.2100", "price": 0.79, "taker_side": "no", "ticker": "KXINX-26FEB20H1600-B6912", "trade_id": "ec130092-3e3e-6958-ad9a-641be8c52094", "yes_price": 79, "yes_price_dollars": "0.7900"}
{"count": 14, "count_fp": "14.00", "created_time": "2026-02-20T20:47:27.16831Z", "no_price": 19, "no_price_dollars": "0.1900", "price": 0.81, "taker_side": "yes", "ticker": "KXINX-26FEB20H1600-B6912", "trade_id": "b1bfc8e5-3716-5390-1d33-735d60ca540e", "yes_price": 81, "yes_price_dollars": "0.8100"}
{"count": 11, "count_fp": "11.00", "created_time": "2026-02-20T20:47:27.16831Z", "no_price": 19, "no_price_dollars": "0.1900", "price": 0.81, "taker_side": "yes", "ticker": "KXINX-26FEB20H1600-B6912", "trade_id": "724a77d1-b64f-5517-199d-e6572958b007", "yes_price": 81, "yes_price_dollars": "0.8100"}
{"count": 5, "count_fp": "5.00", "created_time": "2026-02-20T20:47:27.16831Z", "no_price": 19, "no_price_dollars": "0.1900", "price": 0.81, "taker_side": "yes", "ticker": "KXINX-26FEB20H1600-B6912", "trade_id": "135762af-74d9-5b47-0fe5-1273dd6927f3", "yes_price": 81, "yes_price_dollars": "0.8100"}
{"count": 10, "count_fp": "10.00", "created_time": "2026-02-20T20:47:17.693473Z", "no_price": 19, "no_price_dollars": "0.1900", "price": 0.81, "taker_side": "yes", "ticker": "KXINX-26FEB20H1600-B6912", "trade_id": "5b8a4f66-f886-6d0c-8439-42c79ff16262", "yes_price": 81, "yes_price_dollars": "0.8100"}
{"count": 5, "count_fp": "5.00", "created_time": "2026-02-20T20:46:32.34484Z", "no_price": 17, "no_price_dollars": "0.1700", "price": 0.83, "taker_side": "yes", "ticker": "KXINX-26FEB20H1600-B6912", "trade_id": "464c7108-f08c-4172-2a9c-3b68c5155821", "yes_price": 83, "yes_price_dollars": "0.8300"}
{"count": 10, "count_fp": "10.00", "created_time": "2026-02-20T20:46:24.629383Z", "no_price": 19, "no_price_dollars": "0.1900", "price": 0.81, "taker_side": "yes", "ticker": "KXINX-26FEB20H1600-B6912", "trade_id": "8d16cdb7-c370-5057-c93c-bc989b85607e", "yes_price": 81, "yes_price_dollars": "0.8100"}
{"count": 56, "count_fp": "56.00", "created_time": "2026-02-20T20:46:07.058063Z", "no_price": 25, "no_price_dollars": "0.2500", "price": 0.75, "taker_side": "no", "ticker": "KXINX-26FEB20H1600-B6912", "trade_id": "b27b134a-6ffa-758f-96ea-deb9874b6e3c", "yes_price": 75, "yes_price_dollars": "0.7500"}
{"count": 9, "count_fp": "9.00", "created_time": "2026-02-20T20:46:07.058063Z", "no_price": 21, "no_price_dollars": "0.2100", "price": 0.79, "taker_side": "no", "ticker": "KXINX-26FEB20H1600-B6912", "trade_id": "8eafff8d-f57c-79ed-b318-06f47c8b0ba5", "yes_price": 79, "yes_price_dollars": "0.7900"}
{"count": 17, "count_fp": "17.00", "created_time": "2026-02-20T20:46:07.058063Z", "no_price": 24, "no_price_dollars": "0.2400", "price": 0.76, "taker_side": "no", "ticker": "KXINX-26FEB20H1600-B6912", "trade_id": "8c4e7b2d-9197-7283-b3ed-3eb7108da7ce", "yes_price": 76, "yes_price_dollars": "0.7600"}
{"count": 5, "count_fp": "5.00", "created_time": "2026-02-20T20:46:07.058063Z", "no_price": 23, "no_price_dollars": "0.2300", "price": 0.77, "taker_side": "no", "ticker": "KXINX-26FEB20H1600-B6912", "trade_id": "0320af61-facf-70ff-b78e-c950853058e8", "yes_price": 77, "yes_price_dollars": "0.7700"}
{"count": 9, "count_fp": "9.00", "created_time": "2026-02-20T20:45:43.428923Z", "no_price": 23, "no_price_dollars": "0.2300", "price": 0.77, "taker_side": "no", "ticker": "KXINX-26FEB20H1600-B6912", "trade_id": "dc2f960e-55a3-5b69-abff-a572cd518a03", "yes_price": 77, "yes_price_dollars": "0.7700"}
{"count": 5, "count_fp": "5.00", "created_time": "2026-02-20T20:45:43.428923Z", "no_price": 23, "no_price_dollars": "0.2300", "price": 0.77, "taker_side": "no", "ticker": "KXINX-26FEB20H1600-B6912", "trade_id": "dbc9c64f-a97c-5605-972c-55426d08abb7", "yes_price": 77, "yes_price_dollars": "0.7700"}
{"count": 1, "count_fp": "1.00", "created_time": "2026-02-20T20:45:43.428923Z", "no_price": 24, "no_price_dollars": "0.2400", "price": 0.76, "taker_side": "no", "ticker": "KXINX-26FEB20H1600-B6912", "trade_id": "0ff25880-1501-5b25-9845-4c7c4a21ce24", "yes_price": 76, "yes_price_dollars": "0.7600"}
{"count": 10, "count_fp": "10.00", "created_time": "2026-02-20T20:45:40.071634Z", "no_price": 20, "no_price_dollars": "0.2000", "price": 0.8, "taker_side": "yes", "ticker": "KXINX-26FEB20H1600-B6912", "trade_id": "b0ab0412-fbef-589f-5c71-b1013cfd3bff", "yes_price": 80, "yes_price_dollars": "0.8000"}
{"count": 5, "count_fp": "5.00", "created_time": "2026-02-20T20:45:29.287139Z", "no_price": 19, "no_price_dollars": "0.1900", "price": 0.81, "taker_side": "yes", "ticker": "KXINX-26FEB20H1600-B6912", "trade_id": "bb2d4598-7ab3-5037-1cfd-c2b04deb3497", "yes_price": 81, "yes_price_dollars": "0.8100"}
{"count": 5, "count_fp": "5.00", "created_time": "2026-02-20T20:45:29.287139Z", "no_price": 19, "no_price_dollars": "0.1900", "price": 0.81, "taker_side": "yes", "ticker": "KXINX-26FEB20H1600-B6912", "trade_id": "96e37ae2-ce85-5c4f-0d92-4e5062319295", "yes_price": 81, "yes_price_dollars": "0.8100"}
{"count": 9, "count_fp": "9.00", "created_time": "2026-02-20T20:45:19.476644Z", "no_price": 19, "no_price_dollars": "0.1900", "price": 0.81, "taker_side": "yes", "ticker": "KXINX-26FEB20H1600-B6912", "trade_id": "5311a26b-c47b-4413-c503-0af8d7b0c893", "yes_price": 81, "yes_price_dollars": "0.8100"}
{"count": 1, "count_fp": "1.00", "created_time": "2026-02-20T20:45:19.476644Z", "no_price": 19, "no_price_dollars": "0.1900", "price": 0.81, "taker_side": "yes", "ticker": "KXINX-26FEB20H1600-B6912", "trade_id": "3c2bfd6a-2f6a-491b-c445-158f4e79ea3d", "yes_price": 81, "yes_price_dollars": "0.8100"}
{"count": 10, "count_fp": "10.00", "created_time": "2026-02-20T20:45:01.249849Z", "no_price": 19, "no_price_dollars": "0.1900", "price": 0.81, "taker_side": "yes", "ticker": "KXINX-26FEB20H1600-B6912", "trade_id": "2c7fd1bb-b682-6cd3-eec7-373d3e1fb871", "yes_price": 81, "yes_price_dollars": "0.8100"}
{"count": 1, "count_fp": "1.00", "created_time": "2026-02-20T20:44:40.511916Z", "no_price": 19, "no_price_dollars": "0.1900", "price": 0.81, "taker_side": "yes", "ticker": "KXINX-26FEB20H1600-B6912", "trade_id": "fabeac00-b8b2-54f3-b5fc-6f6eb34c9af5", "yes_price": 81, "yes_price_dollars": "0.8100"}
{"count": 5, "count_fp": "5.00", "created_time": "2026-02-20T20:44:40.511916Z", "no_price": 21, "no_price_dollars": "0.2100", "price": 0.79, "taker_side": "yes", "ticker": "KXINX-26FEB20H1600-B6912", "trade_id": "547e41aa-c5a9-5803-8231-07f28d903b7b", "yes_price": 79, "yes_price_dollars": "0.7900"}
{"count": 4, "count_fp": "4.00", "created_time": "2026-02-20T20:44:40.511916Z", "no_price": 20, "no_price_dollars": "0.2000", "price": 0.8, "taker_side": "yes", "ticker": "KXINX-26FEB20H1600-B6912", "trade_id": "18b9ba18-fe8c-558e-b72b-4b065a953d4f", "yes_price": 80, "yes_price_dollars": "0.8000"}
{"count": 33, "count_fp": "33.00", "created_time": "2026-02-20T20:44:19.425209Z", "no_price": 22, "no_price_dollars": "0.2200", "price": 0.78, "taker_side": "yes", "ticker": "KXINX-26FEB20H1600-B6912", "trade_id": "bf17ecbc-400b-7013-6dfe-a06a267b9de7", "yes_price": 78, "yes_price_dollars": "0.7800"}
{"count": 5, "count_fp": "5.00", "created_time": "2026-02-20T20:44:19.425209Z", "no_price": 23, "no_price_dollars": "0.2300", "price": 0.77, "taker_side": "yes", "ticker": "KXINX-26FEB20H1600-B6912", "trade_id": "031d04f5-318d-76bd-4d23-cd5909b03906", "yes_price": 77, "yes_price_dollars": "0.7700"}
{"count": 18, "count_fp": "18.00", "created_time": "2026-02-20T20:44:10.630831Z", "no_price": 23, "no_price_dollars": "0.2300", "price": 0.77, "taker_side": "yes", "ticker": "KXINX-26FEB20H1600-B6912", "trade_id": "b3997f0b-ccaa-6390-6bc4-e56e61ebd144", "yes_price": 77, "yes_price_dollars": "0.7700"}
{"count": 47, "count_fp": "47.00", "created_time": "2026-02-20T20:43:56.504758Z", "no_price": 27, "no_price_dollars": "0.2700", "price": 0.73, "taker_side": "no", "ticker": "KXINX-26FEB20H1600-B6912", "trade_id": "74f4f4c2-96f6-713a-8d04-f0d2138b1511", "yes_price": 73, "yes_price_dollars": "0.7300"}
{"count": 5, "count_fp": "5.00", "created_time": "2026-02-20T20:43:56.504758Z", "no_price": 27, "no_price_dollars": "0.2700", "price": 0.73, "taker_side": "no", "ticker": "KXINX-26FEB20H1600-B6912", "trade_id": "151aa511-34be-7b56-a27a-0cd3be9cb306", "yes_price": 73, "yes_price_dollars": "0.7300"}
{"count": 5, "count_fp": "5.00", "created_time": "2026-02-20T20:43:05.21765Z", "no_price": 30, "no_price_dollars": "0.3000", "price": 0.7, "taker_side": "no", "ticker": "KXINX-26FEB20H1600-B6912", "trade_id": "79f415cb-4542-7f79-4276-7a79db135330", "yes_price": 70, "yes_price_dollars": "0.7000"}
{"count": 10, "count_fp": "10.00", "created_time": "2026-02-20T20:43:05.21765Z", "no_price": 32, "no_price_dollars": "0.3200", "price": 0.68, "taker_side": "no", "ticker": "KXINX-26FEB20H1600-B6912", "trade_id": "2b5e3c34-1132-7adb-4684-acabe7cd9eac", "yes_price": 68, "yes_price_dollars": "0.6800"}
