{"count": 25, "count_fp": "25.00", "created_time": "2026-02-27T15:30:30.169292Z", "no_price": 97, "no_price_dollars": "0.9700", "price": 0.03, "taker_side": "yes", "ticker": "KXINX-26FEB27H1600-T6500", "trade_id": "dc5bd8ad-0752-76ae-cc2c-b4768ca7b6e9", "yes_price": 3, "yes_price_dollars": "0.0300"}
{"count": 25, "count_fp": "25.00", "created_time": "2026-02-27T15:30:30.169292Z", "no_price": 97, "no_price_dollars": "0.9700", "price": 0.03, "taker_side": "yes", "ticker": "KXINX-26FEB27H1600-T6500", "trade_id": "15eb75b5-f5e7-795f-cb65-88a37fca3529", "yes_price": 3, "yes_price_dollars": "0.0300"}
{"count": 25, "count_fp": "25.00", "created_time": "2026-02-27T15:30:30.169292Z", "no_price": 97, "no_price_dollars": "0.9700", "price": 0.03, "taker_side": "yes", "ticker": "KXINX-26FEB27H1600-T6500", "trade_id": "0ee3f653-696e-736e-d779-de33994c32d1", "yes_price": 3, "yes_price_dollars": "0.0300"}
{"count": 25, "count_fp": "25.00", "created_time": "2026-02-27T15:30:24.831069Z", "no_price": 98, "no_price_dollars": "0.9800", "price": 0.02, "taker_side": "yes", "ticker": "KXINX-26FEB27H1600-T6500", "trade_id": "eaef3a98-76ea-41ac-8cf5-200f8f9f9209", "yes_price": 2, "yes_price_dollars": "0.0200"}
{"count": 40, "count_fp": "40.00", "created_time": "2026-02-27T15:30:24.831069Z", "no_price": 98, "no_price_dollars": "0.9800", "price": 0.02, "taker_side": "yes", "ticker": "KXINX-26FEB27H1600-T6500", "trade_id": "a345b1d1-00ec-46ba-8190-48e212fb51eb", "yes_price": 2, "yes_price_dollars": "0.0200"}
{"count": 25, "count_fp": "25.00", "created_time": "2026-02-27T15:22:42.319304Z", "no_price": 99, "no_price_dollars": "0.9900", "price": 0.01, "taker_side": "yes", "ticker": "KXINX-26FEB27H1600-T6500", "trade_id": "617b41ea-95b5-41f8-8d42-bd8fb8806a05", "yes_price": 1, "yes_price_dollars": "0.0100"}
{"count": 507, "count_fp": "507.00", "created_time": "2026-02-27T15:22:42.319304Z", "no_price": 99, "no_price_dollars": "0.9900", "price": 0.01, "taker_side": "yes", "ticker": "KXINX-26FEB27H1600-T6500", "trade_id": "582d0815-8b13-48b5-a383-88c578a9db5a", "yes_price": 1, "yes_price_dollars": "0.0100"}
{"count": 25, "count_fp": "25.00", "created_time": "2026-02-27T15:22:42.319304Z", "no_price": 99, "no_price_dollars": "0.9900", "price": 0.01, "taker_side": "yes", "ticker": "KXINX-26FEB27H1600-T6500", "trade_id": "0683d67f-984b-4004-abfd-bdb2c9e12ad1", "yes_price": 1, "yes_price_dollars": "0.0100"}
{"count": 10, "count_fp": "10.00", "created_time": "2026-02-27T15:22:42.319304Z", "no_price": 99, "no_price_dollars": "0.9900", "price": 0.01, "taker_side": "yes", "ticker": "KXINX-26FEB27H1600-T6500", "trade_id": "0658ab26-97d6-4bc1-b25d-016313a7cca1", "yes_price": 1, "yes_price_dollars": "0.0100"}
{"count": 10, "count_fp": "10.00", "created_time": "2026-02-27T15:22:42.319304Z", "no_price": 99, "no_price_dollars": "0.9900", "price": 0.01, "taker_side": "yes", "ticker": "KXINX-26FEB27H1600-T6500", "trade_id": "00c03940-d4fe-4c28-9393-f8ade09f1c1c", "yes_price": 1, "yes_price_dollars": "0.0100"}
{"count": 10, "count_fp": "10.00", "created_time": "2026-02-27T00:49:29.160174Z", "no_price": 98, "no_price_dollars": "0.9800", "price": 0.02, "taker_side": "yes", "ticker": "KXINX-26FEB27H1600-B7087", "trade_id": "997a954c-ddb2-6cd1-c898-99a533db9fbd", "yes_price": 2, "yes_price_dollars": "0.0200"}
{"count": 20, "count_fp": "20.00", "created_time": "2026-02-27T00:58:21.360342Z", "no_price": 99, "no_price_dollars": "0.9900", "price": 0.01, "taker_side": "yes", "ticker": "KXINX-26FEB27H1600-B7062", "trade_id": "a08378e1-74ee-451d-952f-fd35bd201e1b", "yes_price": 1, "yes_price_dollars": "0.0100"}
{"count": 10, "count_fp": "10.00", "created_time": "2026-02-27T01:28:45.085597Z", "no_price": 98, "no_price_dollars": "0.9800", "price": 0.02, "taker_side": "yes", "ticker": "KXINX-26FEB27H1600-B7037", "trade_id": "c147d662-4826-66fe-8370-8708379ab9b9", "yes_price": 2, "yes_price_dollars": "0.0200"}
{"count": 18, "count_fp": "18.00", "created_time": "2026-02-27T01:28:45.085597Z", "no_price": 98, "no_price_dollars": "0.9800", "price": 0.02, "taker_side": "yes", "ticker": "KXINX-26FEB27H1600-B7037", "trade_id": "58b67fd2-244f-6e79-9d29-72d77f1fd680", "yes_price": 2, "yes_price_dollars": "0.0200"}
{"count": 10, "count_fp": "10.00", "created_time": "2026-02-27T00:49:29.333403Z", "no_price": 98, "no_price_dollars": "0.9800", "price": 0.02, "taker_side": "yes", "ticker": "KXINX-26FEB27H1600-B7037", "trade_id": "64059c15-8a52-4a56-3298-f44484f6f22d", "yes_price": 2, "yes_price_dollars": "0.0200"}
{"count": 25, "count_fp": "25.00", "created_time": "2026-02-27T11:44:52.559375Z", "no_price": 99, "no_price_dollars": "0.9900", "price": 0.01, "taker_side": "no", "ticker": "KXINX-26FEB27H1600-B7012", "trade_id": "cb4928ca-c532-6518-378c-0e9f8ebd7299", "yes_price": 1, "yes_price_dollars": "0.0100"}
{"count": 5, "count_fp": "5.00", "created_time": "2026-02-27T09:22:47.099933Z", "no_price": 87, "no_price_dollars": "0.8700", "price": 0.13, "taker_side": "yes", "ticker": "KXINX-26FEB27H1600-B7012", "trade_id": "eb528799-f793-77db-50c3-9d006a0a2f30", "yes_price": 13, "yes_price_dollars": "0.1300"}
{"count": 3, "count_fp": "3.00", "created_time": "2026-02-27T09:22:47.099933Z", "no_price": 90, "no_price_dollars": "0.9000", "price": 0.1, "taker_side": "yes", "ticker": "KXINX-26FEB27H1600-B7012", "trade_id": "b65ff1e0-0ffb-70ba-701f-32f5f18459e7", "yes_price": 10, "yes_price_dollars": "0.1000"}
{"count": 42, "count_fp": "42.00", "created_time": "2026-02-27T09:22:47.099933Z", "no_price": 88, "no_price_dollars": "0.8800", "price": 0.12, "taker_side": "yes", "ticker": "KXINX-26FEB27H1600-B7012", "trade_id": "975c7380-d378-7c40-4338-c848ed4b3410", "yes_price": 12, "yes_price_dollars": "0.1200"}
{"count": 40, "count_fp": "40.00", "created_time": "2026-02-27T09:22:47.099933Z", "no_price": 91, "no_price_dollars": "0.9100", "price": 0.09, "taker_side": "yes", "ticker": "KXINX-26FEB27H1600-B7012", "trade_id": "80ab6c95-26ef-739c-6180-67f1740da147", "yes_price": 9, "yes_price_dollars": "0.0900"}
{"count": 2, "count_fp": "2.00", "created_time": "2026-02-27T08:15:28.438669Z", "no_price": 99, "no_price_dollars": "0.9900", "price": 0.01, "taker_side": "no", "ticker": "KXINX-26FEB27H1600-B7012", "trade_id": "aba6e003-012e-62c0-a567-d31ff22c15ed", "yes_price": 1, "yes_price_dollars": "0.0100"}
{"count": 8, "count_fp": "8.00", "created_time": "2026-02-27T08:02:08.650786Z", "no_price": 99, "no_price_dollars": "0.9900", "price": 0.01, "taker_side": "no", "ticker": "KXINX-26FEB27H1600-B7012", "trade_id": "5d5deb8e-2bb6-7500-87d2-b02bc6227e99", "yes_price": 1, "yes_price_dollars": "0.0100"}
{"count": 23, "count_fp": "23.00", "created_time": "2026-02-27T05:59:09.279699Z", "no_price": 99, "no_price_dollars": "0.9900", "price": 0.01, "taker_side": "no", "ticker": "KXINX-26FEB27H1600-B7012", "trade_id": "384d3b73-aaaa-610c-174b-22b6654d7a05", "yes_price": 1, "yes_price_dollars": "0.0100"}
{"count": 25, "count_fp": "25.00", "created_time": "2026-02-27T05:58:13.261674Z", "no_price": 99, "no_price_dollars": "0.9900", "price": 0.01, "taker_side": "no", "ticker": "KXINX-26FEB27H1600-B7012", "trade_id": "3fdae3e3-f2fe-7adc-26a0-92f4ea27166d", "yes_price": 1, "yes_price_dollars": "0.0100"}
{"count": 2, "count_fp": "2.00", "created_time": "2026-02-27T05:38:10.76598Z", "no_price": 99, "no_price_dollars": "0.9900", "price": 0.01, "taker_side": "no", "ticker": "KXINX-26FEB27H1600-B7012", "trade_id": "07e08c78-a172-7048-105c-85b07a0e7275", "yes_price": 1, "yes_price_dollars": "0.0100"}
{"count": 1, "count_fp": "1.00", "created_time": "2026-02-27T05:24:11.015008Z", "no_price": 91, "no_price_dollars": "0.9100", "price": 0.09, "taker_side": "yes", "ticker": "KXINX-26FEB27H1600-B7012", "trade_id": "bfc9390f-71fd-4813-6e06-8e55d0f7c406", "yes_price": 9, "yes_price_dollars": "0.0900"}
{"count": 35, "count_fp": "35.00", "created_time": "2026-02-27T05:24:11.015008Z", "no_price": 91, "no_price_dollars": "0.9100", "price": 0.09, "taker_side": "yes", "ticker": "KXINX-26FEB27H1600-B7012", "trade_id": "21086f84-eafa-4b7f-5c2a-d692b7a9eac3", "yes_price": 9, "yes_price_dollars": "0.0900"}
{"count": 53, "count_fp": "53.00", "created_time": "2026-02-27T05:24:11.015008Z", "no_price": 88, "no_price_dollars": "0.8800", "price": 0.12, "taker_side": "yes", "ticker": "KXINX-26FEB27H1600-B7012", "trade_id": "01013ee8-5e5c-43f4-465e-2375c615c27c", "yes_price": 12, "yes_price_dollars": "0.1200"}
{"count": 13, "count_fp": "13.00", "created_time": "2026-02-27T03:58:06.835541Z", "no_price": 99, "no_price_dollars": "0.9900", "price": 0.01, "taker_side": "no", "ticker": "KXINX-26FEB27H1600-B7012", "trade_id": "086c96dd-5416-52f4-0c20-75ced5a34e6d", "yes_price": 1, "yes_price_dollars": "0.0100"}
{"count": 12, "count_fp": "12.00", "created_time": "2026-02-27T03:58:05.603787Z", "no_price": 99, "no_price_dollars": "0.9900", "price": 0.01, "taker_side": "no", "ticker": "KXINX-26FEB27H1600-B7012", "trade_id": "b7d03052-1cd2-7c8c-20a0-385a61de4c2d", "yes_price": 1, "yes_price_dollars": "0.0100"}
{"count": 3, "count_fp": "3.00", "created_time": "2026-02-27T03:54:56.601693Z", "no_price": 99, "no_price_dollars": "0.9900", "price": 0.01, "taker_side": "no", "ticker": "KXINX-26FEB27H1600-B7012", "trade_id": "023eb8c5-c6ea-7600-2b2a-27953b9c68e5", "yes_price": 1, "yes_price_dollars": "0.0100"}
{"count": 12, "count_fp": "12.00", "created_time": "2026-02-27T03:54:22.300415Z", "no_price": 99, "no_price_dollars": "0.9900", "price": 0.01, "taker_side": "no", "ticker": "KXINX-26FEB27H1600-B7012", "trade_id": "8a7f6474-755e-783c-2862-146a03cb6d1d", "yes_price": 1, "yes_price_dollars": "0.0100"}
{"count": 13, "count_fp": "13.00", "created_time": "2026-02-27T03:53:51.519164Z", "no_price": 99, "no_price_dollars": "0.9900", "price": 0.01, "taker_side": "no", "ticker": "KXINX-26FEB27H1600-B7012", "trade_id": "13574919-d276-6700-0987-9eabe142cb2d", "yes_price": 1, "yes_price_dollars": "0.0100"}
{"count": 12, "count_fp": "12.00", "created_time": "2026-02-27T03:53:50.299639Z", "no_price": 99, "no_price_dollars": "0.9900", "price": 0.01, "taker_side": "no", "ticker": "KXINX-26FEB27H1600-B7012", "trade_id": "b82e0117-095e-4514-b4f5-48b19ffbda71", "yes_price": 1, "yes_price_dollars": "0.0100"}
{"count": 13, "count_fp": "13.00", "created_time": "2026-02-27T03:53:18.547874Z", "no_price": 99, "no_price_dollars": "0.9900", "price": 0.01, "taker_side": "no", "ticker": "KXINX-26FEB27H1600-B7012", "trade_id": "db89538c-f31e-6868-2e5b-94017f236989", "yes_price": 1, "yes_price_dollars": "0.0100"}
{"count": 2, "count_fp": "2.00", "created_time": "2026-02-27T03:52:52.413777Z", "no_price": 99, "no_price_dollars": "0.9900", "price": 0.01, "taker_side": "no", "ticker": "KXINX-26FEB27H1600-B7012", "trade_id": "cad818ca-79c2-4e54-9e80-d952d1606d7d", "yes_price": 1, "yes_price_dollars": "0.0100"}
{"count": 9, "count_fp": "9.00", "created_time": "2026-02-27T03:52:51.189656Z", "no_price": 99, "no_price_dollars": "0.9900", "price": 0.01, "taker_side": "no", "ticker": "KXINX-26FEB27H1600-B7012", "trade_id": "16e5ead2-5522-78dc-405b-a02ed5501af9", "yes_price": 1, "yes_price_dollars": "0.0100"}
{"count": 2, "count_fp": "2.00", "created_time": "2026-02-27T03:52:49.970082Z", "no_price": 99, "no_price_dollars": "0.9900", "price": 0.01, "taker_side": "no", "ticker": "KXINX-26FEB27H1600-B7012", "trade_id": "5acee4dc-b816-5bac-5ff8-a2a1f61862d5", "yes_price": 1, "yes_price_dollars": "0.0100"}
{"count": 6, "count_fp": "6.00", "created_time": "2026-02-27T03:52:48.720366Z", "no_price": 99, "no_price_dollars": "0.9900", "price": 0.01, "taker_side": "no", "ticker": "KXINX-26FEB27H1600-B7012", "trade_id": "78ee409f-d58a-43b0-0db5-ee91327248bd", "yes_price": 1, "yes_price_dollars": "0.0100"}
{"count": 6, "count_fp": "6.00", "created_time": "2026-02-27T03:52:47.493326Z", "no_price": 99, "no_price_dollars": "0.9900", "price": 0.01, "taker_side": "no", "ticker": "KXINX-26FEB27H1600-B7012", "trade_id": "25f5c4bd-bb92-4dac-6513-de1765d20325", "yes_price": 1, "yes_price_dollars": "0.0100"}
{"count": 4, "count_fp": "4.00", "created_time": "2026-02-27T03:52:21.910975Z", "no_price": 99, "no_price_dollars": "0.9900", "price": 0.01, "taker_side": "no", "ticker": "KXINX-26FEB27H1600-B7012", "trade_id": "3fa2b0cb-6fe2-5eb0-4cd1-9c4b2fd09c01", "yes_price": 1, "yes_price_dollars": "0.0100"}
{"count": 4, "count_fp": "4.00", "created_time": "2026-02-27T03:52:20.680979Z", "no_price": 99, "no_price_dollars": "0.9900", "price": 0.01, "taker_side": "no", "ticker": "KXINX-26FEB27H1600-B7012", "trade_id": "4300d25a-573e-4004-e566-47545ecc5c35", "yes_price": 1, "yes_price_dollars": "0.0100"}
{"count": 3, "count_fp": "3.00", "created_time": "2026-02-27T03:52:19.448105Z", "no_price": 99, "no_price_dollars": "0.9900", "price": 0.01, "taker_side": "no", "ticker": "KXINX-26FEB27H1600-B7012", "trade_id": "7c95c009-bfce-73e8-d3f4-b6bafc2cbaf5", "yes_price": 1, "yes_price_dollars": "0.0100"}
{"count": 4, "count_fp": "4.00", "created_time": "2026-02-27T03:52:18.220228Z", "no_price": 99, "no_price_dollars": "0.9900", "price": 0.01, "taker_side": "no", "ticker": "KXINX-26FEB27H1600-B7012", "trade_id": "3a15c2e0-c94a-7a64-cc19-b9b213d05bd1", "yes_price": 1, "yes_price_dollars": "0.0100"}
{"count": 4, "count_fp": "4.00", "created_time": "2026-02-27T03:52:16.968264Z", "no_price": 99, "no_price_dollars": "0.9900", "price": 0.01, "taker_side": "no", "ticker": "KXINX-26FEB27H1600-B7012", "trade_id": "23602332-8a1e-72a4-c2bb-6a9565b78df9", "yes_price": 1, "yes_price_dollars": "0.0100"}
{"count": 4, "count_fp": "4.00", "created_time": "2026-02-27T03:52:15.743954Z", "no_price": 99, "no_price_dollars": "0.9900", "price": 0.01, "taker_side": "no", "ticker": "KXINX-26FEB27H1600-B7012", "trade_id": "5b4f9fc9-6962-656c-0686-0aec5c91a71d", "yes_price": 1, "yes_price_dollars": "0.0100"}
{"count": 25, "count_fp": "25.00", "created_time": "2026-02-27T03:52:14.516191Z", "no_price": 99, "no_price_dollars": "0.9900", "price": 0.01, "taker_side": "no", "ticker": "KXINX-26FEB27H1600-B7012", "trade_id": "b0a69b4b-182a-6554-3657-9c47ffd5b465", "yes_price": 1, "yes_price_dollars": "0.0100"}
{"count": 3, "count_fp": "3.00", "created_time": "2026-02-27T03:51:50.034469Z", "no_price": 99, "no_price_dollars": "0.9900", "price": 0.01, "taker_side": "no", "ticker": "KXINX-26FEB27H1600-B7012", "trade_id": "941c8147-4d2a-75e0-98b7-a034fc3a9875", "yes_price": 1, "yes_price_dollars": "0.0100"}
{"count": 25, "count_fp": "25.00", "created_time": "2026-02-27T03:51:10.637811Z", "no_price": 99, "no_price_dollars": "0.9900", "price": 0.01, "taker_side": "no", "ticker": "KXINX-26FEB27H1600-B7012", "trade_id": "20f78b21-32ba-4d40-6379-9a911b769d81", "yes_price": 1, "yes_price_dollars": "0.0100"}
{"count": 25, "count_fp": "25.00", "created_time": "2026-02-27T03:50:38.586829Z", "no_price": 99, "no_price_dollars": "0.9900", "price": 0.01, "taker_side": "no", "ticker": "KXINX-26FEB27H1600-B7012", "trade_id": "a669f232-f4ee-63dc-a43c-ca809d8d2035", "yes_price": 1, "yes_price_dollars": "0.0100"}
{"count": 5, "count_fp": "5.00", "created_time": "2026-02-27T02:00:18.465475Z", "no_price": 83, "no_price_dollars": "0.8300", "price": 0.17, "taker_side": "yes", "ticker": "KXINX-26FEB27H1600-B7012", "trade_id": "c1aa02d8-abee-4e73-d55f-ed52c5ef884b", "yes_price": 17, "yes_price_dollars": "0.1700"}
{"count": 2, "count_fp": "2.00", "created_time": "2026-02-27T00:03:25.43954Z", "no_price": 99, "no_price_dollars": "0.9900", "price": 0.01, "taker_side": "no", "ticker": "KXINX-26FEB27H1600-B7012", "trade_id": "0a57c656-e156-55b0-053b-08b427435171", "yes_price": 1, "yes_price_dollars": "0.0100"}
{"count": 25, "count_fp": "25.00", "created_time": "2026-02-27T20:55:25.158123Z", "no_price": 79, "no_price_dollars": "0.7900", "price": 0.21, "taker_side": "yes", "ticker": "KXINX-26FEB27H1600-B6987", "trade_id": "e269f942-041a-4eb3-f850-0cba7c686a8b", "yes_price": 21, "yes_price_dollars": "0.2100"}
{"count": 6, "count_fp": "6.00", "created_time": "2026-02-27T20:49:41.418837Z", "no_price": 97, "no_price_dollars": "0.9700", "price": 0.03, "taker_side": "no", "ticker": "KXINX-26FEB27H1600-B6987", "trade_id": "8e6fb071-8c0c-7c5c-d660-36a567784f7a", "yes_price": 3, "yes_price_dollars": "0.0300"}
{"count": 3, "count_fp": "3.00", "created_time": "2026-02-27T20:49:11.715535Z", "no_price": 96, "no_price_dollars": "0.9600", "price": 0.04, "taker_side": "yes", "ticker": "KXINX-26FEB27H1600-B6987", "trade_id": "55a37f73-3f30-79fd-f1ec-8059e7b69fc5", "yes_price": 4, "yes_price_dollars": "0.0400"}
{"count": 15, "count_fp": "15.00", "created_time": "2026-02-27T20:49:08.732693Z", "no_price": 97, "no_price_dollars": "0.9700", "price": 0.03, "taker_side": "yes", "ticker": "KXINX-26FEB27H1600-B6987", "trade_id": "88dfe765-b75e-5c15-c571-90078b542268", "yes_price": 3, "yes_price_dollars": "0.0300"}
{"count": 4, "count_fp": "4.00", "created_time": "2026-02-27T20:49:08.732693Z", "no_price": 97, "no_price_dollars": "0.9700", "price": 0.03, "taker_side": "yes", "ticker": "KXINX-26FEB27H1600-B6987", "trade_id": "2b41ab6e-4978-5226-f2ba-649aab0cc1bb", "yes_price": 3, "yes_price_dollars": "0.0300"}
{"count": 25, "count_fp": "25.00", "created_time": "2026-02-27T20:42:55.450749Z", "no_price": 97, "no_price_dollars": "0.9700", "price": 0.03, "taker_side": "yes", "ticker": "KXINX-26FEB27H1600-B6987", "trade_id": "4f60b9d1-ff32-7329-30b4-a3f80b3b58d8", "yes_price": 3, "yes_price_dollars": "0.0300"}
{"count": 8, "count_fp": "8.00", "created_time": "2026-02-27T20:37:06.402175Z", "no_price": 98, "no_price_dollars": "0.9800", "price": 0.02, "taker_side": "no", "ticker": "KXINX-26FEB27H1600-B6987", "trade_id": "5c51a8a9-294c-6323-1fef-8a81a552f00b", "yes_price": 2, "yes_price_dollars": "0.0200"}
{"count": 2, "count_fp": "2.00", "created_time": "2026-02-27T20:35:02.820887Z", "no_price": 98, "no_price_dollars": "0.9800", "price": 0.02, "taker_side": "no", "ticker": "KXINX-26FEB27H1600-B6987", "trade_id": "86e12a6d-ddb4-7eeb-34c2-7f05b13c9ae3", "yes_price": 2, "yes_price_dollars": "0.0200"}
{"count": 5, "count_fp": "5.00", "created_time": "2026-02-27T20:24:20.489041Z", "no_price": 97, "no_price_dollars": "0.9700", "price": 0.03, "taker_side": "yes", "ticker": "KXINX-26FEB27H1600-B6987", "trade_id": "8df9adc5-037b-41a2-91c3-1744fa3a9dce", "yes_price": 3, "yes_price_dollars": "0.0300"}
{"count": 5, "count_fp": "5.00", "created_time": "2026-02-27T20:24:20.489041Z", "no_price": 97, "no_price_dollars": "0.9700", "price": 0.03, "taker_side": "yes", "ticker": "KXINX-26FEB27H1600-B6987", "trade_id": "6a92e192-3c68-48ac-b259-b787933b378d", "yes_price": 3, "yes_price_dollars": "0.0300"}
{"count": 15, "count_fp": "15.00", "created_time": "2026-02-27T20:24:20.489041Z", "no_price": 97, "no_price_dollars": "0.9700", "price": 0.03, "taker_side": "yes", "ticker": "KXINX-26FEB27H1600-B6987", "trade_id": "61da0a1b-c1cc-4288-a9fc-04cf36244210", "yes_price": 3, "yes_price_dollars": "0.0300"}
{"count": 25, "count_fp": "25.00", "created_time": "2026-02-27T20:03:38.562538Z", "no_price": 97, "no_price_dollars": "0.9700", "price": 0.03, "taker_side": "yes", "ticker": "KXINX-26FEB27H1600-B6987", "trade_id": "ac4c78a9-f9fc-5018-ef89-bbf8fb04179c", "yes_price": 3, "yes_price_dollars": "0.0300"}
{"count": 25, "count_fp": "25.00", "created_time": "2026-02-27T19:55:23.192797Z", "no_price": 97, "no_price_dollars": "0.9700", "price": 0.03, "taker_side": "yes", "ticker": "KXINX-26FEB27H1600-B6987", "trade_id": "b83512cb-7555-6dd6-94e2-03701cfaae6c", "yes_price": 3, "yes_price_dollars": "0.0300"}
{"count": 10, "count_fp": "10.00", "created_time": "2026-02-27T19:49:05.392976Z", "no_price": 97, "no_price_dollars": "0.9700", "price": 0.03, "taker_side": "yes", "ticker": "KXINX-26FEB27H1600-B6987", "trade_id": "620f7e00-0262-714f-5411-4049c826bf37", "yes_price": 3, "yes_price_dollars": "0.0300"}
{"count": 15, "count_fp": "15.00", "created_time": "2026-02-27T19:49:05.392976Z", "no_price": 97, "no_price_dollars": "0.9700", "price": 0.03, "taker_side": "yes", "ticker": "KXINX-26FEB27H1600-B6987", "trade_id": "05fead6a-8cf1-7146-4283-900d21d30664", "yes_price": 3, "yes_price_dollars": "0.0300"}
{"count": 15, "count_fp": "15.00", "created_time": "2026-02-27T19:40:49.993494Z", "no_price": 98, "no_price_dollars": "0.9800", "price": 0.02, "taker_side": "yes", "ticker": "KXINX-26FEB27H1600-B6987", "trade_id": "00342ec7-d37e-79ba-e2c1-e35b9138751b", "yes_price": 2, "yes_price_dollars": "0.0200"}
{"count": 25, "count_fp": "25.00", "created_time": "2026-02-27T19:34:35.979637Z", "no_price": 98, "no_price_dollars": "0.9800", "price": 0.02, "taker_side": "yes", "ticker": "KXINX-26FEB27H1600-B6987", "trade_id": "52fe229f-e3b2-4022-b685-b3747338e7bf", "yes_price": 2, "yes_price_dollars": "0.0200"}
{"count": 10, "count_fp": "10.00", "created_time": "2026-02-27T19:26:15.412242Z", "no_price": 97, "no_price_dollars": "0.9700", "price": 0.03, "taker_side": "yes", "ticker": "KXINX-26FEB27H1600-B6987", "trade_id": "426e1b65-3426-7b73-480a-cefc108d846b", "yes_price": 3, "yes_price_dollars": "0.0300"}
{"count": 15, "count_fp": "15.00", "created_time": "2026-02-27T19:26:15.412242Z", "no_price": 97, "no_price_dollars": "0.9700", "price": 0.03, "taker_side": "yes", "ticker": "KXINX-26FEB27H1600-B6987", "trade_id": "001f6da6-1199-719e-4a94-04ca0f917736", "yes_price": 3, "yes_price_dollars": "0.0300"}
{"count": 25, "count_fp": "25.00", "created_time": "2026-02-27T19:20:00.925237Z", "no_price": 97, "no_price_dollars": "0.9700", "price": 0.03, "taker_side": "yes", "ticker": "KXINX-26FEB27H1600-B6987", "trade_id": "b431e724-07a9-655a-e7d7-7aeab11233ba", "yes_price": 3, "yes_price_dollars": "0.0300"}
{"count": 5, "count_fp": "5.00", "created_time": "2026-02-27T19:09:41.41382Z", "no_price": 98, "no_price_dollars": "0.9800", "price": 0.02, "taker_side": "yes", "ticker": "KXINX-26FEB27H1600-B6987", "trade_id": "e65a569e-f550-5cfa-4c5a-56ba7bf39fcd", "yes_price": 2, "yes_price_dollars": "0.0200"}
{"count": 20, "count_fp": "20.00", "created_time": "2026-02-27T19:09:41.41382Z", "no_price": 98, "no_price_dollars": "0.9800", "price": 0.02, "taker_side": "yes", "ticker": "KXINX-26FEB27H1600-B6987", "trade_id": "733c80b4-9c0d-576e-5057-cead2694c861", "yes_price": 2, "yes_price_dollars": "0.0200"}
{"count": 15, "count_fp": "15.00", "created_time": "2026-02-27T19:03:28.628906Z", "no_price": 98, "no_price_dollars": "0.9800", "price": 0.02, "taker_side": "yes", "ticker": "KXINX-26FEB27H1600-B6987", "trade_id": "ead77fcd-c048-5aea-e41b-4b630b48b95d", "yes_price": 2, "yes_price_dollars": "0.0200"}
{"count": 10, "count_fp": "10.00", "created_time": "2026-02-27T19:03:28.628906Z", "no_price": 98, "no_price_dollars": "0.9800", "price": 0.02, "taker_side": "yes", "ticker": "KXINX-26FEB27H1600-B6987", "trade_id": "ae4c04b0-38b2-5179-cedf-5d013f647a53", "yes_price": 2, "yes_price_dollars": "0.0200"}
{"count": 10, "count_fp": "10.00", "created_time": "2026-02-27T18:49:33.697421Z", "no_price": 98, "no_price_dollars": "0.9800", "price": 0.02, "taker_side": "yes", "ticker": "KXINX-26FEB27H1600-B6987", "trade_id": "e7b8fd9e-3c9a-7085-691b-1ceb42a3e623", "yes_price": 2, "yes_price_dollars": "0.0200"}
{"count": 15, "count_fp": "15.00", "created_time": "2026-02-27T18:49:33.697421Z", "no_price": 98, "no_price_dollars": "0.9800", "price": 0.02, "taker_side": "yes", "ticker": "KXINX-26FEB27H1600-B6987", "trade_id": "188cf71f-1ec1-7a63-5646-0b26b3ee2d38", "yes_price": 2, "yes_price_dollars": "0.0200"}
{"count": 25, "count_fp": "25.00", "created_time": "2026-02-27T18:43:20.980247Z", "no_price": 98, "no_price_dollars": "0.9800", "price": 0.02, "taker_side": "yes", "ticker": "KXINX-26FEB27H1600-B6987", "trade_id": "02455a66-ea0d-6883-253e-55cae7143130", "yes_price": 2, "yes_price_dollars": "0.0200"}
{"count": 15, "count_fp": "15.00", "created_time": "2026-02-27T18:34:57.368394Z", "no_price": 99, "no_price_dollars": "0.9900", "price": 0.01, "taker_side": "yes", "ticker": "KXINX-26FEB27H1600-B6987", "trade_id": "86917584-991b-4f97-5516-ec8d31d150d2", "yes_price": 1, "yes_price_dollars": "0.0100"}
{"count": 5, "count_fp": "5.00", "created_time": "2026-02-27T18:34:57.368394Z", "no_price": 99, "no_price_dollars": "0.9900", "price": 0.01, "taker_side": "yes", "ticker": "KXINX-26FEB27H1600-B6987", "trade_id": "2179e584-d790-4ebd-4149-b690bbf51933", "yes_price": 1, "yes_price_dollars": "0.0100"}
{"count": 5, "count_fp": "5.00", "created_time": "2026-02-27T18:34:57.368394Z", "no_price": 99, "no_price_dollars": "0.9900", "price": 0.01, "taker_side": "yes", "ticker": "KXINX-26FEB27H1600-B6987", "trade_id": "05dbb19c-6f6d-4c3b-7d72-95a624404cac", "yes_price": 1, "yes_price_dollars": "0.0100"}
{"count": 10, "count_fp": "10.00", "created_time": "2026-02-27T18:17:46.810295Z", "no_price": 99, "no_price_dollars": "0.9900", "price": 0.01, "taker_side": "yes", "ticker": "KXINX-26FEB27H1600-B6987", "trade_id": "eaddb9a5-3c8f-5e96-3ed2-aa1c9e861b37", "yes_price": 1, "yes_price_dollars": "0.0100"}
{"count": 5, "count_fp": "5.00", "created_time": "2026-02-27T18:17:46.810295Z", "no_price": 99, "no_price_dollars": "0.9900", "price": 0.01, "taker_side": "yes", "ticker": "KXINX-26FEB27H1600-B6987", "trade_id": "94f61827-a0e7-537b-2d43-bb212890d7e6", "yes_price": 1, "yes_price_dollars": "0.0100"}
{"count": 10, "count_fp": "10.00", "created_time": "2026-02-27T18:17:46.810295Z", "no_price": 99, "no_price_dollars": "0.9900", "price": 0.01, "taker_side": "yes", "ticker": "KXINX-26FEB27H1600-B6987", "trade_id": "6597a4e5-64d9-58bd-3ad8-a0554dc53ce1", "yes_price": 1, "yes_price_dollars": "0.0100"}
{"count": 3, "count_fp": "3.00", "created_time": "2026-02-27T09:23:32.467908Z", "no_price": 78, "no_price_dollars": "0.7800", "price": 0.22, "taker_side": "yes", "ticker": "KXINX-26FEB27H1600-B6987", "trade_id": "642ea485-31f0-5041-0632-e17acd9ff939", "yes_price": 22, "yes_price_dollars": "0.2200"}
{"count": 35, "count_fp": "35.00", "created_time": "2026-02-27T09:23:32.467908Z", "no_price": 90, "no_price_dollars": "0.9000", "price": 0.1, "taker_side": "yes", "ticker": "KXINX-26FEB27H1600-B6987", "trade_id": "4360e183-79b0-5a1c-2bc6-245a924a3780", "yes_price": 10, "yes_price_dollars": "0.1000"}
{"count": 23, "count_fp": "23.00", "created_time": "2026-02-27T09:23:32.467908Z", "no_price": 77, "no_price_dollars": "0.7700", "price": 0.23, "taker_side": "yes", "ticker": "KXINX-26FEB27H1600-B6987", "trade_id": "31c610d9-1978-5d85-146a-d8fec2eb45a3", "yes_price": 23, "yes_price_dollars": "0.2300"}
{"count": 41, "count_fp": "41.00", "created_time": "2026-02-27T09:23:32.467908Z", "no_price": 76, "no_price_dollars": "0.7600", "price": 0.24, "taker_side": "yes", "ticker": "KXINX-26FEB27H1600-B6987", "trade_id": "27e36d4b-9e05-5e99-08cd-1e3b5a095633", "yes_price": 24, "yes_price_dollars": "0.2400"}
{"count": 2, "count_fp": "2.00", "created_time": "2026-02-27T08:15:28.438754Z", "no_price": 99, "no_price_dollars": "0.9900", "price": 0.01, "taker_side": "no", "ticker": "KXINX-26FEB27H1600-B6987", "trade_id": "38733446-df3d-6613-24b3-a01ae21d8f04", "yes_price": 1, "yes_price_dollars": "0.0100"}
{"count": 8, "count_fp": "8.00", "created_time": "2026-02-27T08:02:08.651561Z", "no_price": 99, "no_price_dollars": "0.9900", "price": 0.01, "taker_side": "no", "ticker": "KXINX-26FEB27H1600-B6987", "trade_id": "9f8a3e44-1bc0-5e0d-0789-9c3cdc1a3311", "yes_price": 1, "yes_price_dollars": "0.0100"}
{"count": 23, "count_fp": "23.00", "created_time": "2026-02-27T05:59:09.275997Z", "no_price": 99, "no_price_dollars": "0.9900", "price": 0.01, "taker_side": "no", "ticker": "KXINX-26FEB27H1600-B6987", "trade_id": "4eef7945-e8f4-603f-fbcf-3c037520eaa3", "yes_price": 1, "yes_price_dollars": "0.0100"}
{"count": 2, "count_fp": "2.00", "created_time": "2026-02-27T05:38:10.767635Z", "no_price": 99, "no_price_dollars": "0.9900", "price": 0.01, "taker_side": "no", "ticker": "KXINX-26FEB27H1600-B6987", "trade_id": "a2584bf6-6262-4db3-4585-7d4f62790bba", "yes_price": 1, "yes_price_dollars": "0.0100"}
{"count": 5, "count_fp": "5.00", "created_time": "2026-02-27T05:06:14.630997Z", "no_price": 90, "no_price_dollars": "0.9000", "price": 0.1, "taker_side": "yes", "ticker": "KXINX-26FEB27H1600-B6987", "trade_id": "ea137637-5014-7bb8-2407-02b8e2da6128", "yes_price": 10, "yes_price_dollars": "0.1000"}
{"count": 13, "count_fp": "13.00", "created_time": "2026-02-27T03:58:06.832448Z", "no_price": 99, "no_price_dollars": "0.9900", "price": 0.01, "taker_side": "no", "ticker": "KXINX-26FEB27H1600-B6987", "trade_id": "f8ea495f-9d09-473a-fd18-3f61cec7a32f", "yes_price": 1, "yes_price_dollars": "0.0100"}
{"count": 12, "count_fp": "12.00", "created_time": "2026-02-27T03:58:05.602043Z", "no_price": 99, "no_price_dollars": "0.9900", "price": 0.01, "taker_side": "no", "ticker": "KXINX-26FEB27H1600-B6987", "trade_id": "f3fe23f3-cd91-5db6-795a-e67d4b65c1c3", "yes_price": 1, "yes_price_dollars": "0.0100"}
{"count": 3, "count_fp": "3.00", "created_time": "2026-02-27T03:54:56.601753Z", "no_price": 99, "no_price_dollars": "0.9900", "price": 0.01, "taker_side": "no", "ticker": "KXINX-26FEB27H1600-B6987", "trade_id": "ed62e1b0-8891-4697-5869-ac992de4843f", "yes_price": 1, "yes_price_dollars": "0.0100"}
{"count": 12, "count_fp": "12.00", "created_time": "2026-02-27T03:54:22.297948Z", "no_price": 99, "no_price_dollars": "0.9900", "price": 0.01, "taker_side": "no", "ticker": "KXINX-26FEB27H1600-B6987", "trade_id": "720721c3-78fd-7bdf-2e52-c1b80c2cf69b", "yes_price": 1, "yes_price_dollars": "0.0100"}
{"count": 13, "count_fp": "13.00", "created_time": "2026-02-27T03:53:51.517938Z", "no_price": 99, "no_price_dollars": "0.9900", "price": 0.01, "taker_side": "no", "ticker": "KXINX-26FEB27H1600-B6987", "trade_id": "415fe0ea-fca5-5afb-b581-837e7955fe27", "yes_price": 1, "yes_price_dollars": "0.0100"}
{"count": 1, "count_fp": "1.00", "created_time": "2026-02-27T03:53:50.297364Z", "no_price": 99, "no_price_dollars": "0.9900", "price": 0.01, "taker_side": "no", "ticker": "KXINX-26FEB27H1600-B6987", "trade_id": "fa33b30f-9fb3-5dc4-93e4-03e4c2679f29", "yes_price": 1, "yes_price_dollars": "0.0100"}
{"count": 11, "count_fp": "11.00", "created_time": "2026-02-27T03:53:50.297364Z", "no_price": 99, "no_price_dollars": "0.9900", "price": 0.01, "taker_side": "no", "ticker": "KXINX-26FEB27H1600-B6987", "trade_id": "8eb4c8b7-9149-5287-8527-54d3512c7a7b", "yes_price": 1, "yes_price_dollars": "0.0100"}
{"count": 13, "count_fp": "13.00", "created_time": "2026-02-27T03:53:18.548955Z", "no_price": 99, "no_price_dollars": "0.9900", "price": 0.01, "taker_side": "no", "ticker": "KXINX-26FEB27H1600-B6987", "trade_id": "1c807b7c-41e3-7b30-0813-d80b6b486fa1", "yes_price": 1, "yes_price_dollars": "0.0100"}
{"count": 2, "count_fp": "2.00", "created_time": "2026-02-27T03:52:52.416356Z", "no_price": 99, "no_price_dollars": "0.9900", "price": 0.01, "taker_side": "no", "ticker": "KXINX-26FEB27H1600-B6987", "trade_id": "3e621530-a2d3-773c-bb9b-ae62e29a2969", "yes_price": 1, "yes_price_dollars": "0.0100"}
{"count": 9, "count_fp": "9.00", "created_time": "2026-02-27T03:52:51.190984Z", "no_price": 99, "no_price_dollars": "0.9900", "price": 0.01, "taker_side": "no", "ticker": "KXINX-26FEB27H1600-B6987", "trade_id": "a6bd3ee8-d363-7740-b61c-0432a6d29d29", "yes_price": 1, "yes_price_dollars": "0.0100"}
{"count": 2, "count_fp": "2.00", "created_time": "2026-02-27T03:52:49.970362Z", "no_price": 99, "no_price_dollars": "0.9900", "price": 0.01, "taker_side": "no", "ticker": "KXINX-26FEB27H1600-B6987", "trade_id": "ce8d7bf6-3e8f-4810-0e5f-40e949bb486d", "yes_price": 1, "yes_price_dollars": "0.0100"}
{"count": 6, "count_fp": "6.00", "created_time": "2026-02-27T03:52:48.718756Z", "no_price": 99, "no_price_dollars": "0.9900", "price": 0.01, "taker_side": "no", "ticker": "KXINX-26FEB27H1600-B6987", "trade_id": "bdc86ab2-4127-7c84-5a4d-dbc924897f75", "yes_price": 1, "yes_price_dollars": "0.0100"}
{"count": 6, "count_fp": "6.00", "created_time": "2026-02-27T03:52:47.496055Z", "no_price": 99, "no_price_dollars": "0.9900", "price": 0.01, "taker_side": "no", "ticker": "KXINX-26FEB27H1600-B6987", "trade_id": "625bd56d-ae8b-5d6c-d22a-2cf909bc8ef1", "yes_price": 1, "yes_price_dollars": "0.0100"}
{"count": 4, "count_fp": "4.00", "created_time": "2026-02-27T03:52:21.91228Z", "no_price": 99, "no_price_dollars": "0.9900", "price": 0.01, "taker_side": "no", "ticker": "KXINX-26FEB27H1600-B6987", "trade_id": "dbab93ff-52eb-6964-3902-ad3440409fe9", "yes_price": 1, "yes_price_dollars": "0.0100"}
{"count": 4, "count_fp": "4.00", "created_time": "2026-02-27T03:52:20.676347Z", "no_price": 99, "no_price_dollars": "0.9900", "price": 0.01, "taker_side": "no", "ticker": "KXINX-26FEB27H1600-B6987", "trade_id": "132d2416-d06b-5194-55ac-0adf50764475", "yes_price": 1, "yes_price_dollars": "0.0100"}
{"count": 3, "count_fp": "3.00", "created_time": "2026-02-27T03:52:19.447304Z", "no_price": 99, "no_price_dollars": "0.9900", "price": 0.01, "taker_side": "no", "ticker": "KXINX-26FEB27H1600-B6987", "trade_id": "b2c75f52-dd2f-6bd0-f72c-7deda9546905", "yes_price": 1, "yes_price_dollars": "0.0100"}
{"count": 4, "count_fp": "4.00", "created_time": "2026-02-27T03:52:18.206345Z", "no_price": 99, "no_price_dollars": "0.9900", "price": 0.01, "taker_side": "no", "ticker": "KXINX-26FEB27H1600-B6987", "trade_id": "d4b4212a-7f8f-5358-2960-b3455e1523e1", "yes_price": 1, "yes_price_dollars": "0.0100"}
{"count": 4, "count_fp": "4.00", "created_time": "2026-02-27T03:52:16.969131Z", "no_price": 99, "no_price_dollars": "0.9900", "price": 0.01, "taker_side": "no", "ticker": "KXINX-26FEB27H1600-B6987", "trade_id": "5a871ef2-7acb-4b6c-76d6-f0ade89c26e9", "yes_price": 1, "yes_price_dollars": "0.0100"}
{"count": 4, "count_fp": "4.00", "created_time": "2026-02-27T03:52:15.743904Z", "no_price": 99, "no_price_dollars": "0.9900", "price": 0.01, "taker_side": "no", "ticker": "KXINX-26FEB27H1600-B6987", "trade_id": "dc14a0de-d063-6b6c-9a6e-1a30ec24d5e5", "yes_price": 1, "yes_price_dollars": "0.0100"}
{"count": 25, "count_fp": "25.00", "created_time": "2026-02-27T03:52:14.514857Z", "no_price": 99, "no_price_dollars": "0.9900", "price": 0.01, "taker_side": "no", "ticker": "KXINX-26FEB27H1600-B6987", "trade_id": "d14e0dc2-7acf-7c74-be95-cbeb3db4af75", "yes_price": 1, "yes_price_dollars": "0.0100"}
{"count": 3, "count_fp": "3.00", "created_time": "2026-02-27T03:51:50.034762Z", "no_price": 99, "no_price_dollars": "0.9900", "price": 0.01, "taker_side": "no", "ticker": "KXINX-26FEB27H1600-B6987", "trade_id": "e024e1ab-20a3-62c0-8aa8-7ae043187151", "yes_price": 1, "yes_price_dollars": "0.0100"}
{"count": 15, "count_fp": "15.00", "created_time": "2026-02-27T03:51:10.639398Z", "no_price": 99, "no_price_dollars": "0.9900", "price": 0.01, "taker_side": "no", "ticker": "KXINX-26FEB27H1600-B6987", "trade_id": "c4d4abe8-9c7d-7ff4-8840-4781a85a8b96", "yes_price": 1, "yes_price_dollars": "0.0100"}
{"count": 10, "count_fp": "10.00", "created_time": "2026-02-27T03:51:10.639398Z", "no_price": 99, "no_price_dollars": "0.9900", "price": 0.01, "taker_side": "no", "ticker": "KXINX-26FEB27H1600-B6987", "trade_id": "bf57d13f-4cef-7660-89e4-0f989886b279", "yes_price": 1, "yes_price_dollars": "0.0100"}
{"count": 25, "count_fp": "25.00", "created_time": "2026-02-27T03:50:38.589691Z", "no_price": 99, "no_price_dollars": "0.9900", "price": 0.01, "taker_side": "no", "ticker": "KXINX-26FEB27H1600-B6987", "trade_id": "191cc00c-aef9-5000-705b-ea26a29edfc6", "yes_price": 1, "yes_price_dollars": "0.0100"}
{"count": 2, "count_fp": "2.00", "created_time": "2026-02-27T02:48:45.845746Z", "no_price": 99, "no_price_dollars": "0.9900", "price": 0.01, "taker_side": "no", "ticker": "KXINX-26FEB27H1600-B6987", "trade_id": "e0f9f6a6-6fa5-5ab4-f6a5-065fab09ae45", "yes_price": 1, "yes_price_dollars": "0.0100"}
{"count": 1, "count_fp": "1.00", "created_time": "2026-02-27T02:48:45.845746Z", "no_price": 99, "no_price_dollars": "0.9900", "price": 0.01, "taker_side": "no", "ticker": "KXINX-26FEB27H1600-B6987", "trade_id": "c46c0fe3-ea45-5350-d6e8-dfa0fc993215", "yes_price": 1, "yes_price_dollars": "0.0100"}
{"count": 1, "count_fp": "1.00", "created_time": "2026-02-27T02:48:45.845746Z", "no_price": 99, "no_price_dollars": "0.9900", "price": 0.01, "taker_side": "no", "ticker": "KXINX-26FEB27H1600-B6987", "trade_id": "8754b772-f226-5892-d64d-33f7f99dad4c", "yes_price": 1, "yes_price_dollars": "0.0100"}
{"count": 40, "count_fp": "40.00", "created_time": "2026-02-27T02:48:45.845746Z", "no_price": 99, "no_price_dollars": "0.9900", "price": 0.01, "taker_side": "no", "ticker": "KXINX-26FEB27H1600-B6987", "trade_id": "783051b4-309b-52d2-db4b-2510a4f21267", "yes_price": 1, "yes_price_dollars": "0.0100"}
{"count": 1, "count_fp": "1.00", "created_time": "2026-02-27T02:48:45.845746Z", "no_price": 99, "no_price_dollars": "0.9900", "price": 0.01, "taker_side": "no", "ticker": "KXINX-26FEB27H1600-B6987", "trade_id": "76bcbdd9-e8d1-5d92-f036-d2bae377b979", "yes_price": 1, "yes_price_dollars": "0.0100"}
{"count": 1, "count_fp": "1.00", "created_time": "2026-02-27T02:48:45.845746Z", "no_price": 99, "no_price_dollars": "0.9900", "price": 0.01, "taker_side": "no", "ticker": "KXINX-26FEB27H1600-B6987", "trade_id": "228b12ae-c3a8-5d71-cdb5-84483bf5339d", "yes_price": 1, "yes_price_dollars": "0.0100"}
{"count": 4, "count_fp": "4.00", "created_time": "2026-02-27T02:48:45.845746Z", "no_price": 99, "no_price_dollars": "0.9900", "price": 0.01, "taker_side": "no", "ticker": "KXINX-26FEB27H1600-B6987", "trade_id": "0dd243df-456e-5171-e2dc-8b5c30364a2a", "yes_price": 1, "yes_price_dollars": "0.0100"}
{"count": 5, "count_fp": "5.00", "created_time": "2026-02-27T00:31:29.890363Z", "no_price": 62, "no_price_dollars": "0.6200", "price": 0.38, "taker_side": "yes", "ticker": "KXINX-26FEB27H1600-B6987", "trade_id": "7be7815a-98ed-550f-c7fd-732eda6be62c", "yes_price": 38, "yes_price_dollars": "0.3800"}
{"count": 2, "count_fp": "2.00", "created_time": "2026-02-27T00:03:25.442215Z", "no_price": 62, "no_price_dollars": "0.6200", "price": 0.38, "taker_side": "no", "ticker": "KXINX-26FEB27H1600-B6987", "trade_id": "504c0b10-80f2-546b-1337-6dc2a8cf40b2", "yes_price": 38, "yes_price_dollars": "0.3800"}
{"count": 23, "count_fp": "23.00", "created_time": "2026-02-27T00:03:25.406579Z", "no_price": 62, "no_price_dollars": "0.6200", "price": 0.38, "taker_side": "yes", "ticker": "KXINX-26FEB27H1600-B6987", "trade_id": "9fabfbfa-a57d-7c36-0d63-e8ebc58b39a9", "yes_price": 38, "yes_price_dollars": "0.3800"}
{"count": 1, "count_fp": "1.00", "created_time": "2026-02-27T19:14:13.057693Z", "no_price": 83, "no_price_dollars": "0.8300", "price": 0.17, "taker_side": "yes", "ticker": "KXINX-26FEB27H1600-B6962", "trade_id": "08c8f043-f681-7560-ce34-76b9d9468917", "yes_price": 17, "yes_price_dollars": "0.1700"}
{"count": 1, "count_fp": "1.00", "created_time": "2026-02-27T17:38:40.638878Z", "no_price": 72, "no_price_dollars": "0.7200", "price": 0.28, "taker_side": "yes", "ticker": "KXINX-26FEB27H1600-B6962", "trade_id": "c3b5bbbc-5d9d-7c37-6e1d-a834bd1f3777", "yes_price": 28, "yes_price_dollars": "0.2800"}
{"count": 16, "count_fp": "16.00", "created_time": "2026-02-27T17:38:40.638878Z", "no_price": 96, "no_price_dollars": "0.9600", "price": 0.04, "taker_side": "yes", "ticker": "KXINX-26FEB27H1600-B6962", "trade_id": "bddd0c58-b426-774d-58cd-ae4cea84c598", "yes_price": 4, "yes_price_dollars": "0.0400"}
{"count": 20, "count_fp": "20.00", "created_time": "2026-02-27T17:38:40.638878Z", "no_price": 96, "no_price_dollars": "0.9600", "price": 0.04, "taker_side": "yes", "ticker": "KXINX-26FEB27H1600-B6962", "trade_id": "b3d879fa-fdb7-78a5-5b48-332dcc14f1eb", "yes_price": 4, "yes_price_dollars": "0.0400"}
{"count": 3, "count_fp": "3.00", "created_time": "2026-02-27T17:38:40.638878Z", "no_price": 96, "no_price_dollars": "0.9600", "price": 0.04, "taker_side": "yes", "ticker": "KXINX-26FEB27H1600-B6962", "trade_id": "a9b6181c-d795-7977-697d-1c0140795f14", "yes_price": 4, "yes_price_dollars": "0.0400"}
{"count": 20, "count_fp": "20.00", "created_time": "2026-02-27T17:38:40.638878Z", "no_price": 96, "no_price_dollars": "0.9600", "price": 0.04, "taker_side": "yes", "ticker": "KXINX-26FEB27H1600-B6962", "trade_id": "22ced757-7dc5-7fd8-575c-ee69d63cf8ee", "yes_price": 4, "yes_price_dollars": "0.0400"}
{"count": 24, "count_fp": "24.00", "created_time": "2026-02-27T15:59:47.118231Z", "no_price": 96, "no_price_dollars": "0.9600", "price": 0.04, "taker_side": "yes", "ticker": "KXINX-26FEB27H1600-B6962", "trade_id": "72b2caf9-d8ce-4ab5-23bb-f0b838f76c44", "yes_price": 4, "yes_price_dollars": "0.0400"}
{"count": 13, "count_fp": "13.00", "created_time": "2026-02-27T14:40:18.128534Z", "no_price": 99, "no_price_dollars": "0.9900", "price": 0.01, "taker_side": "no", "ticker": "KXINX-26FEB27H1600-B6962", "trade_id": "2f5b6a36-d05c-4def-5d5a-5f41ae0b02dd", "yes_price": 1, "yes_price_dollars": "0.0100"}
{"count": 10, "count_fp": "10.00", "created_time": "2026-02-27T13:31:39.438283Z", "no_price": 98, "no_price_dollars": "0.9800", "price": 0.02, "taker_side": "no", "ticker": "KXINX-26FEB27H1600-B6962", "trade_id": "cb742761-8707-562d-1cfd-968b731e3a9e", "yes_price": 2, "yes_price_dollars": "0.0200"}
{"count": 6, "count_fp": "6.00", "created_time": "2026-02-27T13:31:39.438283Z", "no_price": 98, "no_price_dollars": "0.9800", "price": 0.02, "taker_side": "no", "ticker": "KXINX-26FEB27H1600-B6962", "trade_id": "1cc34908-5238-5c39-1366-da68d6d14dbc", "yes_price": 2, "yes_price_dollars": "0.0200"}
{"count": 3, "count_fp": "3.00", "created_time": "2026-02-27T13:25:30.860803Z", "no_price": 97, "no_price_dollars": "0.9700", "price": 0.03, "taker_side": "no", "ticker": "KXINX-26FEB27H1600-B6962", "trade_id": "32ab7ba3-6fb0-4fb5-0c5c-de7c4f1f6674", "yes_price": 3, "yes_price_dollars": "0.0300"}
{"count": 1, "count_fp": "1.00", "created_time": "2026-02-27T13:03:59.027051Z", "no_price": 97, "no_price_dollars": "0.9700", "price": 0.03, "taker_side": "no", "ticker": "KXINX-26FEB27H1600-B6962", "trade_id": "f7e6d732-9f40-4b2d-e1ac-dad9c63dba24", "yes_price": 3, "yes_price_dollars": "0.0300"}
{"count": 2, "count_fp": "2.00", "created_time": "2026-02-27T13:02:52.509671Z", "no_price": 97, "no_price_dollars": "0.9700", "price": 0.03, "taker_side": "no", "ticker": "KXINX-26FEB27H1600-B6962", "trade_id": "59800e5c-ef9c-46c1-e714-fce46a230848", "yes_price": 3, "yes_price_dollars": "0.0300"}
{"count": 2, "count_fp": "2.00", "created_time": "2026-02-27T13:01:46.067451Z", "no_price": 97, "no_price_dollars": "0.9700", "price": 0.03, "taker_side": "no", "ticker": "KXINX-26FEB27H1600-B6962", "trade_id": "87bb8115-9240-7c71-3cc1-aab6c988af58", "yes_price": 3, "yes_price_dollars": "0.0300"}
{"count": 25, "count_fp": "25.00", "created_time": "2026-02-27T12:13:35.8551Z", "no_price": 91, "no_price_dollars": "0.9100", "price": 0.09, "taker_side": "no", "ticker": "KXINX-26FEB27H1600-B6962", "trade_id": "b1ab13db-bdaf-40dc-6ef2-53f77179f0ec", "yes_price": 9, "yes_price_dollars": "0.0900"}
{"count": 25, "count_fp": "25.00", "created_time": "2026-02-27T12:13:26.854182Z", "no_price": 90, "no_price_dollars": "0.9000", "price": 0.1, "taker_side": "no", "ticker": "KXINX-26FEB27H1600-B6962", "trade_id": "681a04a1-89e3-4f87-ef2c-9fb4e2d1959b", "yes_price": 10, "yes_price_dollars": "0.1000"}
{"count": 25, "count_fp": "25.00", "created_time": "2026-02-27T12:13:26.854182Z", "no_price": 90, "no_price_dollars": "0.9000", "price": 0.1, "taker_side": "no", "ticker": "KXINX-26FEB27H1600-B6962", "trade_id": "5dac591d-6271-448f-e5a7-a4ba9a87ad7b", "yes_price": 10, "yes_price_dollars": "0.1000"}
{"count": 7, "count_fp": "7.00", "created_time": "2026-02-27T11:47:35.381379Z", "no_price": 87, "no_price_dollars": "0.8700", "price": 0.13, "taker_side": "yes", "ticker": "KXINX-26FEB27H1600-B6962", "trade_id": "494cbb6c-e97f-684c-28df-34ace75db34e", "yes_price": 13, "yes_price_dollars": "0.1300"}
{"count": 25, "count_fp": "25.00", "created_time": "2026-02-27T11:44:52.563117Z", "no_price": 90, "no_price_dollars": "0.9000", "price": 0.1, "taker_side": "no", "ticker": "KXINX-26FEB27H1600-B6962", "trade_id": "eff02977-9c60-5f09-6614-968327eb6f8f", "yes_price": 10, "yes_price_dollars": "0.1000"}
{"count": 21, "count_fp": "21.00", "created_time": "2026-02-27T08:26:34.910515Z", "no_price": 90, "no_price_dollars": "0.9000", "price": 0.1, "taker_side": "no", "ticker": "KXINX-26FEB27H1600-B6962", "trade_id": "6611999c-aaf4-71c8-5ad2-1cc0e4d5564c", "yes_price": 10, "yes_price_dollars": "0.1000"}
{"count": 2, "count_fp": "2.00", "created_time": "2026-02-27T08:15:28.437931Z", "no_price": 90, "no_price_dollars": "0.9000", "price": 0.1, "taker_side": "no", "ticker": "KXINX-26FEB27H1600-B6962", "trade_id": "52713e29-b60c-66e0-8377-818c8ab56e24", "yes_price": 10, "yes_price_dollars": "0.1000"}
{"count": 6, "count_fp": "6.00", "created_time": "2026-02-27T08:02:08.650498Z", "no_price": 90, "no_price_dollars": "0.9000", "price": 0.1, "taker_side": "no", "ticker": "KXINX-26FEB27H1600-B6962", "trade_id": "ddfef2a1-7076-6918-6005-96c20994d6ce", "yes_price": 10, "yes_price_dollars": "0.1000"}
{"count": 2, "count_fp": "2.00", "created_time": "2026-02-27T08:02:08.650498Z", "no_price": 90, "no_price_dollars": "0.9000", "price": 0.1, "taker_side": "no", "ticker": "KXINX-26FEB27H1600-B6962", "trade_id": "4bd8c5e3-d278-6615-6825-3bb950d7d430", "yes_price": 10, "yes_price_dollars": "0.1000"}
{"count": 63, "count_fp": "63.00", "created_time": "2026-02-27T07:10:00.289501Z", "no_price": 87, "no_price_dollars": "0.8700", "price": 0.13, "taker_side": "yes", "ticker": "KXINX-26FEB27H1600-B6962", "trade_id": "df1aeec1-befb-4054-4b1c-faf8f6e50ee2", "yes_price": 13, "yes_price_dollars": "0.1300"}
{"count": 4, "count_fp": "4.00", "created_time": "2026-02-27T07:10:00.289501Z", "no_price": 88, "no_price_dollars": "0.8800", "price": 0.12, "taker_side": "yes", "ticker": "KXINX-26FEB27H1600-B6962", "trade_id": "94f6ad2a-ddd4-49f7-4f82-af5b2e560a25", "yes_price": 12, "yes_price_dollars": "0.1200"}
{"count": 1, "count_fp": "1.00", "created_time": "2026-02-27T07:10:00.289501Z", "no_price": 89, "no_price_dollars": "0.8900", "price": 0.11, "taker_side": "yes", "ticker": "KXINX-26FEB27H1600-B6962", "trade_id": "58623869-b799-48cc-592f-9423469a9228", "yes_price": 11, "yes_price_dollars": "0.1100"}
{"count": 7, "count_fp": "7.00", "created_time": "2026-02-27T07:10:00.289501Z", "no_price": 88, "no_price_dollars": "0.8800", "price": 0.12, "taker_side": "yes", "ticker": "KXINX-26FEB27H1600-B6962", "trade_id": "272ee2ad-f466-4453-6e51-61d7b18973b8", "yes_price": 12, "yes_price_dollars": "0.1200"}
{"count": 1, "count_fp": "1.00", "created_time": "2026-02-27T07:00:26.043675Z", "no_price": 89, "no_price_dollars": "0.8900", "price": 0.11, "taker_side": "no", "ticker": "KXINX-26FEB27H1600-B6962", "trade_id": "c07cd2c1-0b10-5764-76e4-a698d04728d0", "yes_price": 11, "yes_price_dollars": "0.1100"}
{"count": 10, "count_fp": "10.00", "created_time": "2026-02-27T06:02:17.073395Z", "no_price": 89, "no_price_dollars": "0.8900", "price": 0.11, "taker_side": "no", "ticker": "KXINX-26FEB27H1600-B6962", "trade_id": "933ed9af-3b20-7ba4-172f-562bd7dbfd30", "yes_price": 11, "yes_price_dollars": "0.1100"}
{"count": 9, "count_fp": "9.00", "created_time": "2026-02-27T05:59:09.281044Z", "no_price": 89, "no_price_dollars": "0.8900", "price": 0.11, "taker_side": "no", "ticker": "KXINX-26FEB27H1600-B6962", "trade_id": "df078b17-18d6-7d57-a543-aefa8ec77316", "yes_price": 11, "yes_price_dollars": "0.1100"}
{"count": 14, "count_fp": "14.00", "created_time": "2026-02-27T05:59:09.281044Z", "no_price": 89, "no_price_dollars": "0.8900", "price": 0.11, "taker_side": "no", "ticker": "KXINX-26FEB27H1600-B6962", "trade_id": "d3989961-23e8-7aec-9c87-ad7599009594", "yes_price": 11, "yes_price_dollars": "0.1100"}
{"count": 2, "count_fp": "2.00", "created_time": "2026-02-27T05:38:10.766174Z", "no_price": 89, "no_price_dollars": "0.8900", "price": 0.11, "taker_side": "no", "ticker": "KXINX-26FEB27H1600-B6962", "trade_id": "63a413a4-ca9a-6e33-1524-4d631203f81e", "yes_price": 11, "yes_price_dollars": "0.1100"}
{"count": 14, "count_fp": "14.00", "created_time": "2026-02-27T05:04:36.809257Z", "no_price": 89, "no_price_dollars": "0.8900", "price": 0.11, "taker_side": "no", "ticker": "KXINX-26FEB27H1600-B6962", "trade_id": "715d6b07-fc82-6de7-8b82-f9521ad01e02", "yes_price": 11, "yes_price_dollars": "0.1100"}
{"count": 4, "count_fp": "4.00", "created_time": "2026-02-27T04:37:05.255019Z", "no_price": 90, "no_price_dollars": "0.9000", "price": 0.1, "taker_side": "no", "ticker": "KXINX-26FEB27H1600-B6962", "trade_id": "dded466b-7bee-4570-0c58-ec4d614c5e66", "yes_price": 10, "yes_price_dollars": "0.1000"}
{"count": 4, "count_fp": "4.00", "created_time": "2026-02-27T04:37:04.027069Z", "no_price": 90, "no_price_dollars": "0.9000", "price": 0.1, "taker_side": "no", "ticker": "KXINX-26FEB27H1600-B6962", "trade_id": "f00f8fc4-c146-64d4-13d9-b3fe11b2eaf6", "yes_price": 10, "yes_price_dollars": "0.1000"}
{"count": 1, "count_fp": "1.00", "created_time": "2026-02-27T04:37:02.799935Z", "no_price": 89, "no_price_dollars": "0.8900", "price": 0.11, "taker_side": "no", "ticker": "KXINX-26FEB27H1600-B6962", "trade_id": "854b9f1f-72af-682e-97f9-ea541814cbfb", "yes_price": 11, "yes_price_dollars": "0.1100"}
{"count": 1, "count_fp": "1.00", "created_time": "2026-02-27T04:09:44.051652Z", "no_price": 89, "no_price_dollars": "0.8900", "price": 0.11, "taker_side": "no", "ticker": "KXINX-26FEB27H1600-B6962", "trade_id": "ca75cd37-242f-528e-d7d4-36417706f0ef", "yes_price": 11, "yes_price_dollars": "0.1100"}
{"count": 10, "count_fp": "10.00", "created_time": "2026-02-27T04:00:20.670745Z", "no_price": 89, "no_price_dollars": "0.8900", "price": 0.11, "taker_side": "no", "ticker": "KXINX-26FEB27H1600-B6962", "trade_id": "e1d1e94a-0bf7-5472-348a-957a4e220367", "yes_price": 11, "yes_price_dollars": "0.1100"}
{"count": 13, "count_fp": "13.00", "created_time": "2026-02-27T03:58:06.832494Z", "no_price": 89, "no_price_dollars": "0.8900", "price": 0.11, "taker_side": "no", "ticker": "KXINX-26FEB27H1600-B6962", "trade_id": "19cbb3c8-9b0f-593a-9c8e-2f7b9f1daa43", "yes_price": 11, "yes_price_dollars": "0.1100"}
{"count": 12, "count_fp": "12.00", "created_time": "2026-02-27T03:58:05.602936Z", "no_price": 89, "no_price_dollars": "0.8900", "price": 0.11, "taker_side": "no", "ticker": "KXINX-26FEB27H1600-B6962", "trade_id": "dbca56a5-1f70-617a-a66d-e1772a4a69df", "yes_price": 11, "yes_price_dollars": "0.1100"}
{"count": 13, "count_fp": "13.00", "created_time": "2026-02-27T03:57:37.845537Z", "no_price": 89, "no_price_dollars": "0.8900", "price": 0.11, "taker_side": "no", "ticker": "KXINX-26FEB27H1600-B6962", "trade_id": "723e4168-6778-512a-9605-b520848d4357", "yes_price": 11, "yes_price_dollars": "0.1100"}
{"count": 12, "count_fp": "12.00", "created_time": "2026-02-27T03:57:37.845537Z", "no_price": 89, "no_price_dollars": "0.8900", "price": 0.11, "taker_side": "no", "ticker": "KXINX-26FEB27H1600-B6962", "trade_id": "14d29476-b0e0-5f12-8418-83b0e89af17f", "yes_price": 11, "yes_price_dollars": "0.1100"}
{"count": 13, "count_fp": "13.00", "created_time": "2026-02-27T03:57:23.682281Z", "no_price": 89, "no_price_dollars": "0.8900", "price": 0.11, "taker_side": "no", "ticker": "KXINX-26FEB27H1600-B6962", "trade_id": "20a6eeeb-1ae4-6aae-0dad-f27280c40053", "yes_price": 11, "yes_price_dollars": "0.1100"}
{"count": 25, "count_fp": "25.00", "created_time": "2026-02-27T03:57:01.854117Z", "no_price": 89, "no_price_dollars": "0.8900", "price": 0.11, "taker_side": "no", "ticker": "KXINX-26FEB27H1600-B6962", "trade_id": "c3659f70-7da9-4e96-e669-8d7a09018d08", "yes_price": 11, "yes_price_dollars": "0.1100"}
{"count": 10, "count_fp": "10.00", "created_time": "2026-02-27T03:56:42.789312Z", "no_price": 89, "no_price_dollars": "0.8900", "price": 0.11, "taker_side": "no", "ticker": "KXINX-26FEB27H1600-B6962", "trade_id": "7d750a16-c2e7-5be3-d9fe-4ea25065cc2a", "yes_price": 11, "yes_price_dollars": "0.1100"}
{"count": 12, "count_fp": "12.00", "created_time": "2026-02-27T03:56:31.04128Z", "no_price": 89, "no_price_dollars": "0.8900", "price": 0.11, "taker_side": "no", "ticker": "KXINX-26FEB27H1600-B6962", "trade_id": "2ea30393-392f-5813-85d4-100cb43ebd7e", "yes_price": 11, "yes_price_dollars": "0.1100"}
{"count": 3, "count_fp": "3.00", "created_time": "2026-02-27T03:56:29.821102Z", "no_price": 89, "no_price_dollars": "0.8900", "price": 0.11, "taker_side": "no", "ticker": "KXINX-26FEB27H1600-B6962", "trade_id": "d118559d-2e1b-448f-0075-0a021749d4c2", "yes_price": 11, "yes_price_dollars": "0.1100"}
{"count": 12, "count_fp": "12.00", "created_time": "2026-02-27T03:55:57.950629Z", "no_price": 89, "no_price_dollars": "0.8900", "price": 0.11, "taker_side": "no", "ticker": "KXINX-26FEB27H1600-B6962", "trade_id": "c1dbbb92-fd1b-4276-cf60-751f0d560763", "yes_price": 11, "yes_price_dollars": "0.1100"}
{"count": 13, "count_fp": "13.00", "created_time": "2026-02-27T03:55:27.239253Z", "no_price": 89, "no_price_dollars": "0.8900", "price": 0.11, "taker_side": "no", "ticker": "KXINX-26FEB27H1600-B6962", "trade_id": "5f618df7-ff07-52a2-da79-d0433bee8653", "yes_price": 11, "yes_price_dollars": "0.1100"}
{"count": 12, "count_fp": "12.00", "created_time": "2026-02-27T03:55:25.995839Z", "no_price": 89, "no_price_dollars": "0.8900", "price": 0.11, "taker_side": "no", "ticker": "KXINX-26FEB27H1600-B6962", "trade_id": "62772832-57d0-4464-0f10-9d7998cbc2d7", "yes_price": 11, "yes_price_dollars": "0.1100"}
{"count": 3, "count_fp": "3.00", "created_time": "2026-02-27T03:54:56.601483Z", "no_price": 89, "no_price_dollars": "0.8900", "price": 0.11, "taker_side": "no", "ticker": "KXINX-26FEB27H1600-B6962", "trade_id": "33afee8a-2bd8-7df0-0d68-8a45ee7341a3", "yes_price": 11, "yes_price_dollars": "0.1100"}
{"count": 10, "count_fp": "10.00", "created_time": "2026-02-27T03:54:55.374946Z", "no_price": 89, "no_price_dollars": "0.8900", "price": 0.11, "taker_side": "no", "ticker": "KXINX-26FEB27H1600-B6962", "trade_id": "82d265be-9ba0-5664-59a2-4dc908020eb7", "yes_price": 11, "yes_price_dollars": "0.1100"}
{"count": 12, "count_fp": "12.00", "created_time": "2026-02-27T03:54:54.158358Z", "no_price": 89, "no_price_dollars": "0.8900", "price": 0.11, "taker_side": "no", "ticker": "KXINX-26FEB27H1600-B6962", "trade_id": "470a80bc-472b-74e5-3c8b-bbd321bcd8a7", "yes_price": 11, "yes_price_dollars": "0.1100"}
{"count": 13, "count_fp": "13.00", "created_time": "2026-02-27T03:54:23.541262Z", "no_price": 89, "no_price_dollars": "0.8900", "price": 0.11, "taker_side": "no", "ticker": "KXINX-26FEB27H1600-B6962", "trade_id": "7fd90518-88db-5b59-396c-a26297f43987", "yes_price": 11, "yes_price_dollars": "0.1100"}
{"count": 12, "count_fp": "12.00", "created_time": "2026-02-27T03:54:22.298564Z", "no_price": 89, "no_price_dollars": "0.8900", "price": 0.11, "taker_side": "no", "ticker": "KXINX-26FEB27H1600-B6962", "trade_id": "43058c3f-8960-6ee5-eded-b624c4a46be9", "yes_price": 11, "yes_price_dollars": "0.1100"}
{"count": 13, "count_fp": "13.00", "created_time": "2026-02-27T03:53:51.518382Z", "no_price": 89, "no_price_dollars": "0.8900", "price": 0.11, "taker_side": "no", "ticker": "KXINX-26FEB27H1600-B6962", "trade_id": "6654e661-ca30-5ff1-303a-94c411958471", "yes_price": 11, "yes_price_dollars": "0.1100"}
{"count": 12, "count_fp": "12.00", "created_time": "2026-02-27T03:53:50.297595Z", "no_price": 89, "no_price_dollars": "0.8900", "price": 0.11, "taker_side": "no", "ticker": "KXINX-26FEB27H1600-B6962", "trade_id": "f9ac515e-49b5-4eb6-7690-32e78baca488", "yes_price": 11, "yes_price_dollars": "0.1100"}
{"count": 13, "count_fp": "13.00", "created_time": "2026-02-27T03:53:18.546805Z", "no_price": 89, "no_price_dollars": "0.8900", "price": 0.11, "taker_side": "no", "ticker": "KXINX-26FEB27H1600-B6962", "trade_id": "1b1d2774-7721-432e-7b9f-ea10c38a4458", "yes_price": 11, "yes_price_dollars": "0.1100"}
{"count": 2, "count_fp": "2.00", "created_time": "2026-02-27T03:52:52.413571Z", "no_price": 90, "no_price_dollars": "0.9000", "price": 0.1, "taker_side": "no", "ticker": "KXINX-26FEB27H1600-B6962", "trade_id": "b9025105-5162-6810-b39c-7fbe63b5124e", "yes_price": 10, "yes_price_dollars": "0.1000"}
{"count": 9, "count_fp": "9.00", "created_time": "2026-02-27T03:52:51.187629Z", "no_price": 89, "no_price_dollars": "0.8900", "price": 0.11, "taker_side": "no", "ticker": "KXINX-26FEB27H1600-B6962", "trade_id": "9a1bc095-013a-57c3-f37a-91ddf310f8dc", "yes_price": 11, "yes_price_dollars": "0.1100"}
{"count": 2, "count_fp": "2.00", "created_time": "2026-02-27T03:52:49.969044Z", "no_price": 89, "no_price_dollars": "0.8900", "price": 0.11, "taker_side": "no", "ticker": "KXINX-26FEB27H1600-B6962", "trade_id": "0af36890-951a-46ab-4e82-f0e0bcd07ec8", "yes_price": 11, "yes_price_dollars": "0.1100"}
{"count": 6, "count_fp": "6.00", "created_time": "2026-02-27T03:52:48.720221Z", "no_price": 89, "no_price_dollars": "0.8900", "price": 0.11, "taker_side": "no", "ticker": "KXINX-26FEB27H1600-B6962", "trade_id": "6197b5b4-5076-6f73-24ab-16498ab625ec", "yes_price": 11, "yes_price_dollars": "0.1100"}
{"count": 6, "count_fp": "6.00", "created_time": "2026-02-27T03:52:47.493908Z", "no_price": 89, "no_price_dollars": "0.8900", "price": 0.11, "taker_side": "no", "ticker": "KXINX-26FEB27H1600-B6962", "trade_id": "c69440b4-59f6-6c7b-40b1-5d4797fa3290", "yes_price": 11, "yes_price_dollars": "0.1100"}
{"count": 2, "count_fp": "2.00", "created_time": "2026-02-27T03:52:46.269037Z", "no_price": 89, "no_price_dollars": "0.8900", "price": 0.11, "taker_side": "no", "ticker": "KXINX-26FEB27H1600-B6962", "trade_id": "cbe0e67c-de9a-4aa3-8535-bc41224ada9c", "yes_price": 11, "yes_price_dollars": "0.1100"}
{"count": 4, "count_fp": "4.00", "created_time": "2026-02-27T03:52:21.908865Z", "no_price": 89, "no_price_dollars": "0.8900", "price": 0.11, "taker_side": "no", "ticker": "KXINX-26FEB27H1600-B6962", "trade_id": "ccd9ec00-f803-4ce4-8888-59aabd5ccba6", "yes_price": 11, "yes_price_dollars": "0.1100"}
{"count": 4, "count_fp": "4.00", "created_time": "2026-02-27T03:52:20.676192Z", "no_price": 89, "no_price_dollars": "0.8900", "price": 0.11, "taker_side": "no", "ticker": "KXINX-26FEB27H1600-B6962", "trade_id": "cf9b89a7-931b-715c-20b9-8c328314fc3a", "yes_price": 11, "yes_price_dollars": "0.1100"}
{"count": 3, "count_fp": "3.00", "created_time": "2026-02-27T03:52:19.455695Z", "no_price": 89, "no_price_dollars": "0.8900", "price": 0.11, "taker_side": "no", "ticker": "KXINX-26FEB27H1600-B6962", "trade_id": "08d2fe9e-2723-6188-17e7-8d0f7b8dfa96", "yes_price": 11, "yes_price_dollars": "0.1100"}
{"count": 4, "count_fp": "4.00", "created_time": "2026-02-27T03:52:18.208215Z", "no_price": 89, "no_price_dollars": "0.8900", "price": 0.11, "taker_side": "no", "ticker": "KXINX-26FEB27H1600-B6962", "trade_id": "8cbdd3af-c553-7b5c-61cb-c3f4fb25e14a", "yes_price": 11, "yes_price_dollars": "0.1100"}
{"count": 4, "count_fp": "4.00", "created_time": "2026-02-27T03:52:16.968853Z", "no_price": 89, "no_price_dollars": "0.8900", "price": 0.11, "taker_side": "no", "ticker": "KXINX-26FEB27H1600-B6962", "trade_id": "0cd5d76f-b013-4ed4-7229-24adcff7548a", "yes_price": 11, "yes_price_dollars": "0.1100"}
{"count": 4, "count_fp": "4.00", "created_time": "2026-02-27T03:52:15.743103Z", "no_price": 89, "no_price_dollars": "0.8900", "price": 0.11, "taker_side": "no", "ticker": "KXINX-26FEB27H1600-B6962", "trade_id": "93a56682-3bc7-5c8c-ceba-374c169f83ee", "yes_price": 11, "yes_price_dollars": "0.1100"}
{"count": 2, "count_fp": "2.00", "created_time": "2026-02-27T03:52:14.513945Z", "no_price": 89, "no_price_dollars": "0.8900", "price": 0.11, "taker_side": "no", "ticker": "KXINX-26FEB27H1600-B6962", "trade_id": "e9ffbd61-005f-75bc-5578-f5e9ba557e1e", "yes_price": 11, "yes_price_dollars": "0.1100"}
{"count": 23, "count_fp": "23.00", "created_time": "2026-02-27T03:52:14.513945Z", "no_price": 89, "no_price_dollars": "0.8900", "price": 0.11, "taker_side": "no", "ticker": "KXINX-26FEB27H1600-B6962", "trade_id": "99d0b7ba-50d6-7f3f-5741-bfbd09df4b75", "yes_price": 11, "yes_price_dollars": "0.1100"}
{"count": 1, "count_fp": "1.00", "created_time": "2026-02-27T03:51:50.034962Z", "no_price": 89, "no_price_dollars": "0.8900", "price": 0.11, "taker_side": "no", "ticker": "KXINX-26FEB27H1600-B6962", "trade_id": "d929656f-e129-7486-7af6-d591476663aa", "yes_price": 11, "yes_price_dollars": "0.1100"}
{"count": 2, "count_fp": "2.00", "created_time": "2026-02-27T03:51:50.034962Z", "no_price": 89, "no_price_dollars": "0.8900", "price": 0.11, "taker_side": "no", "ticker": "KXINX-26FEB27H1600-B6962", "trade_id": "6ad2771e-929e-743f-739f-6735953cdd09", "yes_price": 11, "yes_price_dollars": "0.1100"}
{"count": 4, "count_fp": "4.00", "created_time": "2026-02-27T03:51:48.805543Z", "no_price": 89, "no_price_dollars": "0.8900", "price": 0.11, "taker_side": "no", "ticker": "KXINX-26FEB27H1600-B6962", "trade_id": "c8402e6e-370d-7b0a-310f-f8f4609fee3a", "yes_price": 11, "yes_price_dollars": "0.1100"}
{"count": 4, "count_fp": "4.00", "created_time": "2026-02-27T03:51:47.588012Z", "no_price": 89, "no_price_dollars": "0.8900", "price": 0.11, "taker_side": "no", "ticker": "KXINX-26FEB27H1600-B6962", "trade_id": "1c8a9f55-7839-74a6-d7d0-279fa681a67e", "yes_price": 11, "yes_price_dollars": "0.1100"}
{"count": 4, "count_fp": "4.00", "created_time": "2026-02-27T03:51:46.367264Z", "no_price": 89, "no_price_dollars": "0.8900", "price": 0.11, "taker_side": "no", "ticker": "KXINX-26FEB27H1600-B6962", "trade_id": "636e51bf-0b69-5c3e-0b4d-30a3109a319e", "yes_price": 11, "yes_price_dollars": "0.1100"}
{"count": 3, "count_fp": "3.00", "created_time": "2026-02-27T03:51:45.140152Z", "no_price": 89, "no_price_dollars": "0.8900", "price": 0.11, "taker_side": "no", "ticker": "KXINX-26FEB27H1600-B6962", "trade_id": "6308e720-ffa9-5f52-b127-b642ccc44066", "yes_price": 11, "yes_price_dollars": "0.1100"}
{"count": 2, "count_fp": "2.00", "created_time": "2026-02-27T03:51:43.918518Z", "no_price": 89, "no_price_dollars": "0.8900", "price": 0.11, "taker_side": "no", "ticker": "KXINX-26FEB27H1600-B6962", "trade_id": "68503b85-eb05-774e-7664-51e5ff9e27da", "yes_price": 11, "yes_price_dollars": "0.1100"}
{"count": 7, "count_fp": "7.00", "created_time": "2026-02-27T03:51:42.693724Z", "no_price": 89, "no_price_dollars": "0.8900", "price": 0.11, "taker_side": "no", "ticker": "KXINX-26FEB27H1600-B6962", "trade_id": "2ed9c979-9271-5966-eef4-a014f34eb6be", "yes_price": 11, "yes_price_dollars": "0.1100"}
{"count": 25, "count_fp": "25.00", "created_time": "2026-02-27T03:51:10.636798Z", "no_price": 89, "no_price_dollars": "0.8900", "price": 0.11, "taker_side": "no", "ticker": "KXINX-26FEB27H1600-B6962", "trade_id": "a8eb6be2-e2b4-707a-2ffa-bbbd4954b5fb", "yes_price": 11, "yes_price_dollars": "0.1100"}
{"count": 25, "count_fp": "25.00", "created_time": "2026-02-27T03:50:38.589804Z", "no_price": 89, "no_price_dollars": "0.8900", "price": 0.11, "taker_side": "no", "ticker": "KXINX-26FEB27H1600-B6962", "trade_id": "a00b8710-b7d4-7314-ac7f-6e80d1227d78", "yes_price": 11, "yes_price_dollars": "0.1100"}
{"count": 1, "count_fp": "1.00", "created_time": "2026-02-27T03:32:27.849118Z", "no_price": 90, "no_price_dollars": "0.9000", "price": 0.1, "taker_side": "no", "ticker": "KXINX-26FEB27H1600-B6962", "trade_id": "5331236e-478e-7800-ba75-94545e000522", "yes_price": 10, "yes_price_dollars": "0.1000"}
{"count": 8, "count_fp": "8.00", "created_time": "2026-02-27T02:49:43.9405Z", "no_price": 89, "no_price_dollars": "0.8900", "price": 0.11, "taker_side": "no", "ticker": "KXINX-26FEB27H1600-B6962", "trade_id": "681c4942-3914-7c9c-e903-7ddd0dd7a589", "yes_price": 11, "yes_price_dollars": "0.1100"}
{"count": 2, "count_fp": "2.00", "created_time": "2026-02-27T02:49:34.973821Z", "no_price": 89, "no_price_dollars": "0.8900", "price": 0.11, "taker_side": "no", "ticker": "KXINX-26FEB27H1600-B6962", "trade_id": "e664723d-c2c4-77d0-393c-638efd31f601", "yes_price": 11, "yes_price_dollars": "0.1100"}
{"count": 15, "count_fp": "15.00", "created_time": "2026-02-27T02:49:33.749001Z", "no_price": 89, "no_price_dollars": "0.8900", "price": 0.11, "taker_side": "no", "ticker": "KXINX-26FEB27H1600-B6962", "trade_id": "f160d4ac-af60-7c24-9f9a-5b5e852ea1c5", "yes_price": 11, "yes_price_dollars": "0.1100"}
{"count": 25, "count_fp": "25.00", "created_time": "2026-02-27T02:49:32.506519Z", "no_price": 89, "no_price_dollars": "0.8900", "price": 0.11, "taker_side": "no", "ticker": "KXINX-26FEB27H1600-B6962", "trade_id": "81dcf69b-2e2c-600b-7248-8a812c309998", "yes_price": 11, "yes_price_dollars": "0.1100"}
{"count": 8, "count_fp": "8.00", "created_time": "2026-02-27T02:48:32.167173Z", "no_price": 90, "no_price_dollars": "0.9000", "price": 0.1, "taker_side": "no", "ticker": "KXINX-26FEB27H1600-B6962", "trade_id": "0a6a7bde-9cf6-5bb8-6b34-9c24a6462b4e", "yes_price": 10, "yes_price_dollars": "0.1000"}
{"count": 13, "count_fp": "13.00", "created_time": "2026-02-27T02:48:30.910787Z", "no_price": 87, "no_price_dollars": "0.8700", "price": 0.13, "taker_side": "no", "ticker": "KXINX-26FEB27H1600-B6962", "trade_id": "645ab4da-418a-58b2-4565-be640ea43252", "yes_price": 13, "yes_price_dollars": "0.1300"}
{"count": 2, "count_fp": "2.00", "created_time": "2026-02-27T02:48:29.688303Z", "no_price": 87, "no_price_dollars": "0.8700", "price": 0.13, "taker_side": "no", "ticker": "KXINX-26FEB27H1600-B6962", "trade_id": "b4775971-f1ba-64be-797a-d598a18ff596", "yes_price": 13, "yes_price_dollars": "0.1300"}
{"count": 2, "count_fp": "2.00", "created_time": "2026-02-27T02:48:28.459287Z", "no_price": 87, "no_price_dollars": "0.8700", "price": 0.13, "taker_side": "no", "ticker": "KXINX-26FEB27H1600-B6962", "trade_id": "1fcb965e-ee8e-7f92-9767-015d9dd82212", "yes_price": 13, "yes_price_dollars": "0.1300"}
{"count": 6, "count_fp": "6.00", "created_time": "2026-02-27T02:47:59.267618Z", "no_price": 87, "no_price_dollars": "0.8700", "price": 0.13, "taker_side": "no", "ticker": "KXINX-26FEB27H1600-B6962", "trade_id": "61dc6b1d-ab96-77c2-0bc3-ddab4ff2571e", "yes_price": 13, "yes_price_dollars": "0.1300"}
{"count": 5, "count_fp": "5.00", "created_time": "2026-02-27T02:47:58.030802Z", "no_price": 86, "no_price_dollars": "0.8600", "price": 0.14, "taker_side": "no", "ticker": "KXINX-26FEB27H1600-B6962", "trade_id": "09941c83-7875-6f47-0590-8044de1b1f74", "yes_price": 14, "yes_price_dollars": "0.1400"}
{"count": 2, "count_fp": "2.00", "created_time": "2026-02-27T02:47:56.805943Z", "no_price": 87, "no_price_dollars": "0.8700", "price": 0.13, "taker_side": "no", "ticker": "KXINX-26FEB27H1600-B6962", "trade_id": "8acb22ca-454e-773e-33a3-d32a12b62586", "yes_price": 13, "yes_price_dollars": "0.1300"}
{"count": 22, "count_fp": "22.00", "created_time": "2026-02-27T02:09:04.838075Z", "no_price": 74, "no_price_dollars": "0.7400", "price": 0.26, "taker_side": "yes", "ticker": "KXINX-26FEB27H1600-B6962", "trade_id": "ebc01599-a8cf-626a-8fc6-b0de6027a389", "yes_price": 26, "yes_price_dollars": "0.2600"}
{"count": 5, "count_fp": "5.00", "created_time": "2026-02-27T02:09:04.838075Z", "no_price": 71, "no_price_dollars": "0.7100", "price": 0.29, "taker_side": "yes", "ticker": "KXINX-26FEB27H1600-B6962", "trade_id": "bc49b749-f84e-620c-9395-5f2d851dc1ac", "yes_price": 29, "yes_price_dollars": "0.2900"}
{"count": 1, "count_fp": "1.00", "created_time": "2026-02-27T02:09:04.838075Z", "no_price": 88, "no_price_dollars": "0.8800", "price": 0.12, "taker_side": "yes", "ticker": "KXINX-26FEB27H1600-B6962", "trade_id": "5d85a146-4ff3-61a0-8b64-2623f7c00a8b", "yes_price": 12, "yes_price_dollars": "0.1200"}
{"count": 20, "count_fp": "20.00", "created_time": "2026-02-27T02:09:04.838075Z", "no_price": 88, "no_price_dollars": "0.8800", "price": 0.12, "taker_side": "yes", "ticker": "KXINX-26FEB27H1600-B6962", "trade_id": "309d677a-f0fa-6125-84c1-5614d21401dc", "yes_price": 12, "yes_price_dollars": "0.1200"}
{"count": 20, "count_fp": "20.00", "created_time": "2026-02-27T02:02:24.900686Z", "no_price": 88, "no_price_dollars": "0.8800", "price": 0.12, "taker_side": "yes", "ticker": "KXINX-26FEB27H1600-B6962", "trade_id": "81b41acb-83f2-7015-28c7-19a163d9c9e4", "yes_price": 12, "yes_price_dollars": "0.1200"}
{"count": 2, "count_fp": "2.00", "created_time": "2026-02-27T01:26:45.651944Z", "no_price": 95, "no_price_dollars": "0.9500", "price": 0.05, "taker_side": "yes", "ticker": "KXINX-26FEB27H1600-B6962", "trade_id": "a412c80c-3a19-6337-bd6f-68b8d787ad7a", "yes_price": 5, "yes_price_dollars": "0.0500"}
{"count": 7, "count_fp": "7.00", "created_time": "2026-02-27T01:26:45.651944Z", "no_price": 89, "no_price_dollars": "0.8900", "price": 0.11, "taker_side": "yes", "ticker": "KXINX-26FEB27H1600-B6962", "trade_id": "7decbe40-833a-61a6-95a4-8aed95637266", "yes_price": 11, "yes_price_dollars": "0.1100"}
{"count": 3, "count_fp": "3.00", "created_time": "2026-02-27T00:05:30.093507Z", "no_price": 96, "no_price_dollars": "0.9600", "price": 0.04, "taker_side": "no", "ticker": "KXINX-26FEB27H1600-B6962", "trade_id": "4f2d277c-d37a-63e4-9ef1-4692486c4e60", "yes_price": 4, "yes_price_dollars": "0.0400"}
{"count": 1, "count_fp": "1.00", "created_time": "2026-02-27T00:05:07.049973Z", "no_price": 95, "no_price_dollars": "0.9500", "price": 0.05, "taker_side": "no", "ticker": "KXINX-26FEB27H1600-B6962", "trade_id": "1f9546f6-0408-7772-2ed6-ee364e2bbad6", "yes_price": 5, "yes_price_dollars": "0.0500"}
{"count": 2, "count_fp": "2.00", "created_time": "2026-02-27T00:03:25.439464Z", "no_price": 95, "no_price_dollars": "0.9500", "price": 0.05, "taker_side": "no", "ticker": "KXINX-26FEB27H1600-B6962", "trade_id": "34d0c681-bbf4-54a2-9d46-365b35a336e2", "yes_price": 5, "yes_price_dollars": "0.0500"}
{"count": 7, "count_fp": "7.00", "created_time": "2026-02-27T19:38:32.556974Z", "no_price": 98, "no_price_dollars": "0.9800", "price": 0.02, "taker_side": "yes", "ticker": "KXINX-26FEB27H1600-B6937", "trade_id": "eae065fa-db97-46d0-19dc-69085aa60ef9", "yes_price": 2, "yes_price_dollars": "0.0200"}
{"count": 4, "count_fp": "4.00", "created_time": "2026-02-27T17:57:41.980343Z", "no_price": 96, "no_price_dollars": "0.9600", "price": 0.04, "taker_side": "no", "ticker": "KXINX-26FEB27H1600-B6937", "trade_id": "f66736fa-d4d0-4f76-d065-18c7c8d96f9a", "yes_price": 4, "yes_price_dollars": "0.0400"}
{"count": 40, "count_fp": "40.00", "created_time": "2026-02-27T17:57:41.980343Z", "no_price": 99, "no_price_dollars": "0.9900", "price": 0.01, "taker_side": "no", "ticker": "KXINX-26FEB27H1600-B6937", "trade_id": "f1a630aa-7e31-429f-f69e-6cc863ee2a35", "yes_price": 1, "yes_price_dollars": "0.0100"}
{"count": 5, "count_fp": "5.00", "created_time": "2026-02-27T17:57:41.980343Z", "no_price": 96, "no_price_dollars": "0.9600", "price": 0.04, "taker_side": "no", "ticker": "KXINX-26FEB27H1600-B6937", "trade_id": "cf530230-b4e4-46e3-e17b-1f404da9f14d", "yes_price": 4, "yes_price_dollars": "0.0400"}
{"count": 7, "count_fp": "7.00", "created_time": "2026-02-27T17:57:41.980343Z", "no_price": 97, "no_price_dollars": "0.9700", "price": 0.03, "taker_side": "no", "ticker": "KXINX-26FEB27H1600-B6937", "trade_id": "b0bcb9e2-3c7c-4a0a-ff5f-291511ffba88", "yes_price": 3, "yes_price_dollars": "0.0300"}
{"count": 9, "count_fp": "9.00", "created_time": "2026-02-27T17:38:26.825803Z", "no_price": 89, "no_price_dollars": "0.8900", "price": 0.11, "taker_side": "yes", "ticker": "KXINX-26FEB27H1600-B6937", "trade_id": "7fa839f3-0358-47b4-105d-3736a785e629", "yes_price": 11, "yes_price_dollars": "0.1100"}
{"count": 2, "count_fp": "2.00", "created_time": "2026-02-27T17:38:26.825803Z", "no_price": 69, "no_price_dollars": "0.6900", "price": 0.31, "taker_side": "yes", "ticker": "KXINX-26FEB27H1600-B6937", "trade_id": "79261e0e-ee1c-410c-1bb0-92d42718bb6d", "yes_price": 31, "yes_price_dollars": "0.3100"}
{"count": 10, "count_fp": "10.00", "created_time": "2026-02-27T17:38:26.825803Z", "no_price": 90, "no_price_dollars": "0.9000", "price": 0.1, "taker_side": "yes", "ticker": "KXINX-26FEB27H1600-B6937", "trade_id": "23718fc4-1515-48a0-2359-799d2d25daa0", "yes_price": 10, "yes_price_dollars": "0.1000"}
{"count": 12, "count_fp": "12.00", "created_time": "2026-02-27T17:26:34.911109Z", "no_price": 95, "no_price_dollars": "0.9500", "price": 0.05, "taker_side": "no", "ticker": "KXINX-26FEB27H1600-B6937", "trade_id": "f61cc89b-78b7-6719-970b-426f8ee93be7", "yes_price": 5, "yes_price_dollars": "0.0500"}
{"count": 25, "count_fp": "25.00", "created_time": "2026-02-27T17:26:34.911109Z", "no_price": 96, "no_price_dollars": "0.9600", "price": 0.04, "taker_side": "no", "ticker": "KXINX-26FEB27H1600-B6937", "trade_id": "4e0b38e6-8f2c-61f3-8aa3-bbc4c052d388", "yes_price": 4, "yes_price_dollars": "0.0400"}
{"count": 43, "count_fp": "43.00", "created_time": "2026-02-27T17:26:34.911109Z", "no_price": 97, "no_price_dollars": "0.9700", "price": 0.03, "taker_side": "no", "ticker": "KXINX-26FEB27H1600-B6937", "trade_id": "3c73a43b-f948-698e-913b-c06f99efcac8", "yes_price": 3, "yes_price_dollars": "0.0300"}
{"count": 86, "count_fp": "86.00", "created_time": "2026-02-27T16:43:49.854036Z", "no_price": 95, "no_price_dollars": "0.9500", "price": 0.05, "taker_side": "no", "ticker": "KXINX-26FEB27H1600-B6937", "trade_id": "ddc9dcc3-e167-5009-6772-2108e1704caf", "yes_price": 5, "yes_price_dollars": "0.0500"}
{"count": 2, "count_fp": "2.00", "created_time": "2026-02-27T16:40:26.169057Z", "no_price": 95, "no_price_dollars": "0.9500", "price": 0.05, "taker_side": "no", "ticker": "KXINX-26FEB27H1600-B6937", "trade_id": "4bc088ee-6a57-757d-1437-d092fe2c9997", "yes_price": 5, "yes_price_dollars": "0.0500"}
{"count": 20, "count_fp": "20.00", "created_time": "2026-02-27T15:43:28.284013Z", "no_price": 97, "no_price_dollars": "0.9700", "price": 0.03, "taker_side": "yes", "ticker": "KXINX-26FEB27H1600-B6937", "trade_id": "06b80750-d981-6ba3-df39-9f5352e4e631", "yes_price": 3, "yes_price_dollars": "0.0300"}
{"count": 29, "count_fp": "29.00", "created_time": "2026-02-27T15:28:57.70861Z", "no_price": 96, "no_price_dollars": "0.9600", "price": 0.04, "taker_side": "yes", "ticker": "KXINX-26FEB27H1600-B6937", "trade_id": "9289c2a4-1084-421c-9fd1-6cc8130b4b86", "yes_price": 4, "yes_price_dollars": "0.0400"}
{"count": 5, "count_fp": "5.00", "created_time": "2026-02-27T15:28:22.009029Z", "no_price": 97, "no_price_dollars": "0.9700", "price": 0.03, "taker_side": "yes", "ticker": "KXINX-26FEB27H1600-B6937", "trade_id": "dda002e2-c276-7802-4c1e-95893f48499c", "yes_price": 3, "yes_price_dollars": "0.0300"}
{"count": 1, "count_fp": "1.00", "created_time": "2026-02-27T15:12:18.610248Z", "no_price": 90, "no_price_dollars": "0.9000", "price": 0.1, "taker_side": "yes", "ticker": "KXINX-26FEB27H1600-B6937", "trade_id": "6c466756-c244-5c6c-4a22-dd99edfc6892", "yes_price": 10, "yes_price_dollars": "0.1000"}
{"count": 54, "count_fp": "54.00", "created_time": "2026-02-27T15:07:04.93771Z", "no_price": 92, "no_price_dollars": "0.9200", "price": 0.08, "taker_side": "yes", "ticker": "KXINX-26FEB27H1600-B6937", "trade_id": "905ef373-97c9-77e1-ebc6-8c097ee23c23", "yes_price": 8, "yes_price_dollars": "0.0800"}
{"count": 13, "count_fp": "13.00", "created_time": "2026-02-27T14:40:18.128842Z", "no_price": 75, "no_price_dollars": "0.7500", "price": 0.25, "taker_side": "no", "ticker": "KXINX-26FEB27H1600-B6937", "trade_id": "57b55050-bcd5-796e-d7c5-04ad294ff3cb", "yes_price": 25, "yes_price_dollars": "0.2500"}
{"count": 5, "count_fp": "5.00", "created_time": "2026-02-27T14:40:18.095611Z", "no_price": 75, "no_price_dollars": "0.7500", "price": 0.25, "taker_side": "yes", "ticker": "KXINX-26FEB27H1600-B6937", "trade_id": "83185e7f-0ed3-4683-53c8-4223a7fd7e44", "yes_price": 25, "yes_price_dollars": "0.2500"}
{"count": 1, "count_fp": "1.00", "created_time": "2026-02-27T14:30:09.56897Z", "no_price": 94, "no_price_dollars": "0.9400", "price": 0.06, "taker_side": "yes", "ticker": "KXINX-26FEB27H1600-B6937", "trade_id": "8af21766-9eab-5f44-8d6e-69515599967b", "yes_price": 6, "yes_price_dollars": "0.0600"}
{"count": 20, "count_fp": "20.00", "created_time": "2026-02-27T13:55:57.42428Z", "no_price": 90, "no_price_dollars": "0.9000", "price": 0.1, "taker_side": "yes", "ticker": "KXINX-26FEB27H1600-B6937", "trade_id": "4b224bb3-082d-5ee9-dc6d-86710c477099", "yes_price": 10, "yes_price_dollars": "0.1000"}
{"count": 53, "count_fp": "53.00", "created_time": "2026-02-27T13:37:21.751842Z", "no_price": 91, "no_price_dollars": "0.9100", "price": 0.09, "taker_side": "yes", "ticker": "KXINX-26FEB27H1600-B6937", "trade_id": "01caf55a-f5f9-4515-fb94-39caa03229e1", "yes_price": 9, "yes_price_dollars": "0.0900"}
{"count": 6, "count_fp": "6.00", "created_time": "2026-02-27T13:31:32.05406Z", "no_price": 94, "no_price_dollars": "0.9400", "price": 0.06, "taker_side": "no", "ticker": "KXINX-26FEB27H1600-B6937", "trade_id": "4a0e4e25-3a0d-5d8e-3585-7c58f50162b0", "yes_price": 6, "yes_price_dollars": "0.0600"}
{"count": 7, "count_fp": "7.00", "created_time": "2026-02-27T13:31:32.05406Z", "no_price": 95, "no_price_dollars": "0.9500", "price": 0.05, "taker_side": "no", "ticker": "KXINX-26FEB27H1600-B6937", "trade_id": "21d435fb-394d-5d1c-311f-431cf7677b87", "yes_price": 5, "yes_price_dollars": "0.0500"}
{"count": 3, "count_fp": "3.00", "created_time": "2026-02-27T13:28:35.935271Z", "no_price": 92, "no_price_dollars": "0.9200", "price": 0.08, "taker_side": "no", "ticker": "KXINX-26FEB27H1600-B6937", "trade_id": "6e3f54fd-ef39-57a6-c921-c769e8c9e304", "yes_price": 8, "yes_price_dollars": "0.0800"}
{"count": 8, "count_fp": "8.00", "created_time": "2026-02-27T13:27:40.386076Z", "no_price": 88, "no_price_dollars": "0.8800", "price": 0.12, "taker_side": "yes", "ticker": "KXINX-26FEB27H1600-B6937", "trade_id": "69367b72-06c1-50bd-0b86-25b5b0df4f19", "yes_price": 12, "yes_price_dollars": "0.1200"}
{"count": 21, "count_fp": "21.00", "created_time": "2026-02-27T13:02:27.370796Z", "no_price": 89, "no_price_dollars": "0.8900", "price": 0.11, "taker_side": "no", "ticker": "KXINX-26FEB27H1600-B6937", "trade_id": "d5cda361-fd6d-589e-064f-836667b030c0", "yes_price": 11, "yes_price_dollars": "0.1100"}
{"count": 25, "count_fp": "25.00", "created_time": "2026-02-27T13:01:48.203031Z", "no_price": 86, "no_price_dollars": "0.8600", "price": 0.14, "taker_side": "yes", "ticker": "KXINX-26FEB27H1600-B6937", "trade_id": "8bb5544c-25ce-6065-083d-fd0b13995455", "yes_price": 14, "yes_price_dollars": "0.1400"}
{"count": 39, "count_fp": "39.00", "created_time": "2026-02-27T13:01:48.203031Z", "no_price": 86, "no_price_dollars": "0.8600", "price": 0.14, "taker_side": "yes", "ticker": "KXINX-26FEB27H1600-B6937", "trade_id": "2f8b97f1-c988-6e49-2077-5d83226414c2", "yes_price": 14, "yes_price_dollars": "0.1400"}
{"count": 9, "count_fp": "9.00", "created_time": "2026-02-27T13:01:48.203031Z", "no_price": 87, "no_price_dollars": "0.8700", "price": 0.13, "taker_side": "yes", "ticker": "KXINX-26FEB27H1600-B6937", "trade_id": "11a9a593-851d-62e6-13f0-1479c0aea6c9", "yes_price": 13, "yes_price_dollars": "0.1300"}
{"count": 31, "count_fp": "31.00", "created_time": "2026-02-27T13:01:48.203031Z", "no_price": 86, "no_price_dollars": "0.8600", "price": 0.14, "taker_side": "yes", "ticker": "KXINX-26FEB27H1600-B6937", "trade_id": "0e12a24d-f72d-6cbd-3b42-608a1d5558f5", "yes_price": 14, "yes_price_dollars": "0.1400"}
{"count": 7, "count_fp": "7.00", "created_time": "2026-02-27T12:58:39.540233Z", "no_price": 86, "no_price_dollars": "0.8600", "price": 0.14, "taker_side": "no", "ticker": "KXINX-26FEB27H1600-B6937", "trade_id": "802c3b96-00d8-77b6-44a8-bcd05bf8321a", "yes_price": 14, "yes_price_dollars": "0.1400"}
{"count": 25, "count_fp": "25.00", "created_time": "2026-02-27T12:58:39.540233Z", "no_price": 87, "no_price_dollars": "0.8700", "price": 0.13, "taker_side": "no", "ticker": "KXINX-26FEB27H1600-B6937", "trade_id": "20a4ce66-3611-7187-637b-73f9f1fbfe0d", "yes_price": 13, "yes_price_dollars": "0.1300"}
{"count": 5, "count_fp": "5.00", "created_time": "2026-02-27T12:12:43.902045Z", "no_price": 81, "no_price_dollars": "0.8100", "price": 0.19, "taker_side": "yes", "ticker": "KXINX-26FEB27H1600-B6937", "trade_id": "1bc39a26-b846-6ea0-f763-bfb65836d59a", "yes_price": 19, "yes_price_dollars": "0.1900"}
{"count": 25, "count_fp": "25.00", "created_time": "2026-02-27T11:44:52.559287Z", "no_price": 84, "no_price_dollars": "0.8400", "price": 0.16, "taker_side": "no", "ticker": "KXINX-26FEB27H1600-B6937", "trade_id": "96c205f9-cc10-4481-9cee-d7a7423f784b", "yes_price": 16, "yes_price_dollars": "0.1600"}
{"count": 7, "count_fp": "7.00", "created_time": "2026-02-27T09:19:34.573259Z", "no_price": 78, "no_price_dollars": "0.7800", "price": 0.22, "taker_side": "no", "ticker": "KXINX-26FEB27H1600-B6937", "trade_id": "6ef27e97-7679-4f56-6034-9b6c9e98d1be", "yes_price": 22, "yes_price_dollars": "0.2200"}
{"count": 2, "count_fp": "2.00", "created_time": "2026-02-27T09:14:59.059947Z", "no_price": 79, "no_price_dollars": "0.7900", "price": 0.21, "taker_side": "no", "ticker": "KXINX-26FEB27H1600-B6937", "trade_id": "e155e71a-48bd-41d6-39ba-3798b4cebebc", "yes_price": 21, "yes_price_dollars": "0.2100"}
{"count": 25, "count_fp": "25.00", "created_time": "2026-02-27T09:14:59.059947Z", "no_price": 79, "no_price_dollars": "0.7900", "price": 0.21, "taker_side": "no", "ticker": "KXINX-26FEB27H1600-B6937", "trade_id": "9bc8500e-8d14-48b0-2acb-e65cadb6bfed", "yes_price": 21, "yes_price_dollars": "0.2100"}
{"count": 2, "count_fp": "2.00", "created_time": "2026-02-27T08:56:18.974334Z", "no_price": 76, "no_price_dollars": "0.7600", "price": 0.24, "taker_side": "yes", "ticker": "KXINX-26FEB27H1600-B6937", "trade_id": "53b8edfb-6902-5791-5a2e-77492c80b13e", "yes_price": 24, "yes_price_dollars": "0.2400"}
{"count": 2, "count_fp": "2.00", "created_time": "2026-02-27T08:15:28.438461Z", "no_price": 75, "no_price_dollars": "0.7500", "price": 0.25, "taker_side": "no", "ticker": "KXINX-26FEB27H1600-B6937", "trade_id": "7809e7a8-2202-6c0b-1670-fbf581f1bcfd", "yes_price": 25, "yes_price_dollars": "0.2500"}
{"count": 1, "count_fp": "1.00", "created_time": "2026-02-27T08:08:28.769412Z", "no_price": 70, "no_price_dollars": "0.7000", "price": 0.3, "taker_side": "yes", "ticker": "KXINX-26FEB27H1600-B6937", "trade_id": "56e4ac3e-1dd8-587d-58f5-f04f5da9897a", "yes_price": 30, "yes_price_dollars": "0.3000"}
{"count": 8, "count_fp": "8.00", "created_time": "2026-02-27T08:02:08.650143Z", "no_price": 78, "no_price_dollars": "0.7800", "price": 0.22, "taker_side": "no", "ticker": "KXINX-26FEB27H1600-B6937", "trade_id": "518ab942-ff75-6bd6-f1fb-eec700a26fa0", "yes_price": 22, "yes_price_dollars": "0.2200"}
{"count": 27, "count_fp": "27.00", "created_time": "2026-02-27T08:01:54.28319Z", "no_price": 69, "no_price_dollars": "0.6900", "price": 0.31, "taker_side": "yes", "ticker": "KXINX-26FEB27H1600-B6937", "trade_id": "99f742c0-7f8c-40fc-8b97-42dc49cbca39", "yes_price": 31, "yes_price_dollars": "0.3100"}
{"count": 6, "count_fp": "6.00", "created_time": "2026-02-27T08:01:54.28319Z", "no_price": 78, "no_price_dollars": "0.7800", "price": 0.22, "taker_side": "yes", "ticker": "KXINX-26FEB27H1600-B6937", "trade_id": "4221d384-90e3-44cf-8ee8-a42aa550ec26", "yes_price": 22, "yes_price_dollars": "0.2200"}
{"count": 22, "count_fp": "22.00", "created_time": "2026-02-27T08:01:26.030024Z", "no_price": 78, "no_price_dollars": "0.7800", "price": 0.22, "taker_side": "yes", "ticker": "KXINX-26FEB27H1600-B6937", "trade_id": "8f7491b9-3a9b-4727-64dc-2cf21f5ba1ae", "yes_price": 22, "yes_price_dollars": "0.2200"}
{"count": 3, "count_fp": "3.00", "created_time": "2026-02-27T07:56:17.300211Z", "no_price": 80, "no_price_dollars": "0.8000", "price": 0.2, "taker_side": "yes", "ticker": "KXINX-26FEB27H1600-B6937", "trade_id": "d2217680-d263-45a3-8e20-ec5420979c7a", "yes_price": 20, "yes_price_dollars": "0.2000"}
{"count": 414, "count_fp": "414.00", "created_time": "2026-02-27T07:56:17.300211Z", "no_price": 78, "no_price_dollars": "0.7800", "price": 0.22, "taker_side": "yes", "ticker": "KXINX-26FEB27H1600-B6937", "trade_id": "b756f98a-9bcb-4547-83a5-914a7ffc587a", "yes_price": 22, "yes_price_dollars": "0.2200"}
{"count": 13, "count_fp": "13.00", "created_time": "2026-02-27T07:56:17.300211Z", "no_price": 81, "no_price_dollars": "0.8100", "price": 0.19, "taker_side": "yes", "ticker": "KXINX-26FEB27H1600-B6937", "trade_id": "4c8a6841-a98c-45e3-ada1-d406944ff7b2", "yes_price": 19, "yes_price_dollars": "0.1900"}
{"count": 15, "count_fp": "15.00", "created_time": "2026-02-27T07:56:17.300211Z", "no_price": 80, "no_price_dollars": "0.8000", "price": 0.2, "taker_side": "yes", "ticker": "KXINX-26FEB27H1600-B6937", "trade_id": "4740ac62-b004-4bab-bcb8-19d5832e1001", "yes_price": 20, "yes_price_dollars": "0.2000"}
{"count": 24, "count_fp": "24.00", "created_time": "2026-02-27T06:16:43.609511Z", "no_price": 78, "no_price_dollars": "0.7800", "price": 0.22, "taker_side": "no", "ticker": "KXINX-26FEB27H1600-B6937", "trade_id": "9043c2f1-6bb8-6319-ef81-66def557a87b", "yes_price": 22, "yes_price_dollars": "0.2200"}
{"count": 18, "count_fp": "18.00", "created_time": "2026-02-27T06:16:40.403354Z", "no_price": 75, "no_price_dollars": "0.7500", "price": 0.25, "taker_side": "no", "ticker": "KXINX-26FEB27H1600-B6937", "trade_id": "5a74e480-aa7e-6397-fd5c-98a09d4cb06c", "yes_price": 25, "yes_price_dollars": "0.2500"}
{"count": 16, "count_fp": "16.00", "created_time": "2026-02-27T06:16:24.37035Z", "no_price": 73, "no_price_dollars": "0.7300", "price": 0.27, "taker_side": "no", "ticker": "KXINX-26FEB27H1600-B6937", "trade_id": "98caad03-7c4d-679e-e249-f1f9bd8fde54", "yes_price": 27, "yes_price_dollars": "0.2700"}
{"count": 31, "count_fp": "31.00", "created_time": "2026-02-27T06:15:15.208689Z", "no_price": 70, "no_price_dollars": "0.7000", "price": 0.3, "taker_side": "yes", "ticker": "KXINX-26FEB27H1600-B6937", "trade_id": "cd9dbb0c-9784-56c0-b0aa-45e1df4c5dd9", "yes_price": 30, "yes_price_dollars": "0.3000"}
{"count": 3, "count_fp": "3.00", "created_time": "2026-02-27T06:02:43.953293Z", "no_price": 70, "no_price_dollars": "0.7000", "price": 0.3, "taker_side": "yes", "ticker": "KXINX-26FEB27H1600-B6937", "trade_id": "89b4cd2a-a5e0-625c-a837-6fed493a2755", "yes_price": 30, "yes_price_dollars": "0.3000"}
{"count": 23, "count_fp": "23.00", "created_time": "2026-02-27T05:59:09.279914Z", "no_price": 72, "no_price_dollars": "0.7200", "price": 0.28, "taker_side": "no", "ticker": "KXINX-26FEB27H1600-B6937", "trade_id": "02215acc-cb31-4c7d-62de-6f5cb3a3f347", "yes_price": 28, "yes_price_dollars": "0.2800"}
{"count": 2, "count_fp": "2.00", "created_time": "2026-02-27T05:38:10.764745Z", "no_price": 72, "no_price_dollars": "0.7200", "price": 0.28, "taker_side": "no", "ticker": "KXINX-26FEB27H1600-B6937", "trade_id": "f85d9405-b111-6905-f534-3d39c571b383", "yes_price": 28, "yes_price_dollars": "0.2800"}
{"count": 14, "count_fp": "14.00", "created_time": "2026-02-27T05:09:57.441123Z", "no_price": 71, "no_price_dollars": "0.7100", "price": 0.29, "taker_side": "no", "ticker": "KXINX-26FEB27H1600-B6937", "trade_id": "a3eadf20-8571-7f2c-3a9f-45c0a7731062", "yes_price": 29, "yes_price_dollars": "0.2900"}
{"count": 4, "count_fp": "4.00", "created_time": "2026-02-27T05:09:57.441123Z", "no_price": 71, "no_price_dollars": "0.7100", "price": 0.29, "taker_side": "no", "ticker": "KXINX-26FEB27H1600-B6937", "trade_id": "57c566aa-ba64-7af0-012a-159f24386a63", "yes_price": 29, "yes_price_dollars": "0.2900"}
{"count": 14, "count_fp": "14.00", "created_time": "2026-02-27T05:04:36.809183Z", "no_price": 71, "no_price_dollars": "0.7100", "price": 0.29, "taker_side": "no", "ticker": "KXINX-26FEB27H1600-B6937", "trade_id": "5b126b4c-5c5c-70e8-6a92-12cc70e89e27", "yes_price": 29, "yes_price_dollars": "0.2900"}
{"count": 4, "count_fp": "4.00", "created_time": "2026-02-27T04:37:05.254621Z", "no_price": 72, "no_price_dollars": "0.7200", "price": 0.28, "taker_side": "no", "ticker": "KXINX-26FEB27H1600-B6937", "trade_id": "77357257-9b49-7b64-adbe-8b3f1c1d9470", "yes_price": 28, "yes_price_dollars": "0.2800"}
{"count": 4, "count_fp": "4.00", "created_time": "2026-02-27T04:37:04.022077Z", "no_price": 72, "no_price_dollars": "0.7200", "price": 0.28, "taker_side": "no", "ticker": "KXINX-26FEB27H1600-B6937", "trade_id": "6ba24c4c-3cf8-6af7-bb5d-368ef267e2b1", "yes_price": 28, "yes_price_dollars": "0.2800"}
{"count": 1, "count_fp": "1.00", "created_time": "2026-02-27T04:37:02.801204Z", "no_price": 72, "no_price_dollars": "0.7200", "price": 0.28, "taker_side": "no", "ticker": "KXINX-26FEB27H1600-B6937", "trade_id": "e3376897-87ac-638f-f58d-be7529504d91", "yes_price": 28, "yes_price_dollars": "0.2800"}
{"count": 3, "count_fp": "3.00", "created_time": "2026-02-27T04:21:25.390498Z", "no_price": 70, "no_price_dollars": "0.7000", "price": 0.3, "taker_side": "yes", "ticker": "KXINX-26FEB27H1600-B6937", "trade_id": "c02f0806-0bb1-6824-a276-0cd853ee225a", "yes_price": 30, "yes_price_dollars": "0.3000"}
{"count": 3, "count_fp": "3.00", "created_time": "2026-02-27T04:21:25.390498Z", "no_price": 70, "no_price_dollars": "0.7000", "price": 0.3, "taker_side": "yes", "ticker": "KXINX-26FEB27H1600-B6937", "trade_id": "b24f6e74-d86a-62c8-8961-4941697185c7", "yes_price": 30, "yes_price_dollars": "0.3000"}
{"count": 4, "count_fp": "4.00", "created_time": "2026-02-27T04:21:25.390498Z", "no_price": 70, "no_price_dollars": "0.7000", "price": 0.3, "taker_side": "yes", "ticker": "KXINX-26FEB27H1600-B6937", "trade_id": "5d8a02b2-6e91-6e50-8b53-c31c38604967", "yes_price": 30, "yes_price_dollars": "0.3000"}
{"count": 4, "count_fp": "4.00", "created_time": "2026-02-27T04:21:25.390498Z", "no_price": 70, "no_price_dollars": "0.7000", "price": 0.3, "taker_side": "yes", "ticker": "KXINX-26FEB27H1600-B6937", "trade_id": "51a4cd3e-9611-60d6-a856-4a0e926bfd2b", "yes_price": 30, "yes_price_dollars": "0.3000"}
{"count": 64, "count_fp": "64.00", "created_time": "2026-02-27T04:21:25.390498Z", "no_price": 69, "no_price_dollars": "0.6900", "price": 0.31, "taker_side": "yes", "ticker": "KXINX-26FEB27H1600-B6937", "trade_id": "423a286b-1a92-68be-b618-66c3fa57ecfb", "yes_price": 31, "yes_price_dollars": "0.3100"}
{"count": 16, "count_fp": "16.00", "created_time": "2026-02-27T04:21:25.390498Z", "no_price": 70, "no_price_dollars": "0.7000", "price": 0.3, "taker_side": "yes", "ticker": "KXINX-26FEB27H1600-B6937", "trade_id": "33d21792-c262-6dfb-811e-93fa106fd870", "yes_price": 30, "yes_price_dollars": "0.3000"}
{"count": 4, "count_fp": "4.00", "created_time": "2026-02-27T04:21:25.390498Z", "no_price": 70, "no_price_dollars": "0.7000", "price": 0.3, "taker_side": "yes", "ticker": "KXINX-26FEB27H1600-B6937", "trade_id": "1c1e92c3-d051-623e-84f3-54e35f9bc704", "yes_price": 30, "yes_price_dollars": "0.3000"}
{"count": 3, "count_fp": "3.00", "created_time": "2026-02-27T04:21:25.390498Z", "no_price": 70, "no_price_dollars": "0.7000", "price": 0.3, "taker_side": "yes", "ticker": "KXINX-26FEB27H1600-B6937", "trade_id": "1619ede8-13f4-6791-aabb-b5537321585c", "yes_price": 30, "yes_price_dollars": "0.3000"}
{"count": 208, "count_fp": "208.00", "created_time": "2026-02-27T04:21:25.390498Z", "no_price": 68, "no_price_dollars": "0.6800", "price": 0.32, "taker_side": "yes", "ticker": "KXINX-26FEB27H1600-B6937", "trade_id": "06df43eb-ff69-6650-a5f0-8eaae4adad3b", "yes_price": 32, "yes_price_dollars": "0.3200"}
{"count": 1, "count_fp": "1.00", "created_time": "2026-02-27T04:21:05.448269Z", "no_price": 70, "no_price_dollars": "0.7000", "price": 0.3, "taker_side": "yes", "ticker": "KXINX-26FEB27H1600-B6937", "trade_id": "0193fa37-c5d6-5030-682a-c05378801f83", "yes_price": 30, "yes_price_dollars": "0.3000"}
{"count": 1, "count_fp": "1.00", "created_time": "2026-02-27T04:09:44.052366Z", "no_price": 72, "no_price_dollars": "0.7200", "price": 0.28, "taker_side": "no", "ticker": "KXINX-26FEB27H1600-B6937", "trade_id": "4e2ba1f5-5158-4193-b151-e7cde53fc2b5", "yes_price": 28, "yes_price_dollars": "0.2800"}
{"count": 3, "count_fp": "3.00", "created_time": "2026-02-27T04:05:58.40765Z", "no_price": 70, "no_price_dollars": "0.7000", "price": 0.3, "taker_side": "yes", "ticker": "KXINX-26FEB27H1600-B6937", "trade_id": "c92352a8-a1c3-783d-c92a-5aefdb1afa53", "yes_price": 30, "yes_price_dollars": "0.3000"}
{"count": 5, "count_fp": "5.00", "created_time": "2026-02-27T04:05:58.40765Z", "no_price": 70, "no_price_dollars": "0.7000", "price": 0.3, "taker_side": "yes", "ticker": "KXINX-26FEB27H1600-B6937", "trade_id": "b9c58ef0-bc68-7c7d-f823-eb25d8e59242", "yes_price": 30, "yes_price_dollars": "0.3000"}
{"count": 4, "count_fp": "4.00", "created_time": "2026-02-27T04:05:58.40765Z", "no_price": 70, "no_price_dollars": "0.7000", "price": 0.3, "taker_side": "yes", "ticker": "KXINX-26FEB27H1600-B6937", "trade_id": "ae289998-eee4-7b01-ef1d-c424e16e0712", "yes_price": 30, "yes_price_dollars": "0.3000"}
{"count": 4, "count_fp": "4.00", "created_time": "2026-02-27T04:05:58.40765Z", "no_price": 70, "no_price_dollars": "0.7000", "price": 0.3, "taker_side": "yes", "ticker": "KXINX-26FEB27H1600-B6937", "trade_id": "0e1f7453-ecaa-75df-dc40-67e5f83bb2a5", "yes_price": 30, "yes_price_dollars": "0.3000"}
{"count": 1, "count_fp": "1.00", "created_time": "2026-02-27T04:00:20.674408Z", "no_price": 73, "no_price_dollars": "0.7300", "price": 0.27, "taker_side": "no", "ticker": "KXINX-26FEB27H1600-B6937", "trade_id": "dd63822e-411e-7965-9b06-6a60260993e8", "yes_price": 27, "yes_price_dollars": "0.2700"}
{"count": 9, "count_fp": "9.00", "created_time": "2026-02-27T04:00:20.674408Z", "no_price": 73, "no_price_dollars": "0.7300", "price": 0.27, "taker_side": "no", "ticker": "KXINX-26FEB27H1600-B6937", "trade_id": "6eb58264-26cd-78ca-9bd9-8ef5d8587a30", "yes_price": 27, "yes_price_dollars": "0.2700"}
{"count": 13, "count_fp": "13.00", "created_time": "2026-02-27T03:58:06.831598Z", "no_price": 73, "no_price_dollars": "0.7300", "price": 0.27, "taker_side": "no", "ticker": "KXINX-26FEB27H1600-B6937", "trade_id": "51a5d533-ee6e-5f81-2869-d6e9a511be94", "yes_price": 27, "yes_price_dollars": "0.2700"}
{"count": 11, "count_fp": "11.00", "created_time": "2026-02-27T03:58:05.60367Z", "no_price": 73, "no_price_dollars": "0.7300", "price": 0.27, "taker_side": "no", "ticker": "KXINX-26FEB27H1600-B6937", "trade_id": "a8312778-8baa-6cad-930b-f354b98f1e04", "yes_price": 27, "yes_price_dollars": "0.2700"}
{"count": 1, "count_fp": "1.00", "created_time": "2026-02-27T03:58:05.60367Z", "no_price": 73, "no_price_dollars": "0.7300", "price": 0.27, "taker_side": "no", "ticker": "KXINX-26FEB27H1600-B6937", "trade_id": "532e92d1-eaf3-692f-8cb1-19c6d36d6150", "yes_price": 27, "yes_price_dollars": "0.2700"}
{"count": 1, "count_fp": "1.00", "created_time": "2026-02-27T03:57:37.849852Z", "no_price": 73, "no_price_dollars": "0.7300", "price": 0.27, "taker_side": "no", "ticker": "KXINX-26FEB27H1600-B6937", "trade_id": "c65e4ac8-88b9-644d-64a6-fff4e6ea7c8d", "yes_price": 27, "yes_price_dollars": "0.2700"}
{"count": 24, "count_fp": "24.00", "created_time": "2026-02-27T03:57:37.849852Z", "no_price": 73, "no_price_dollars": "0.7300", "price": 0.27, "taker_side": "no", "ticker": "KXINX-26FEB27H1600-B6937", "trade_id": "0da9c997-c4ef-6f3b-74c4-cefb9b14cfc0", "yes_price": 27, "yes_price_dollars": "0.2700"}
{"count": 13, "count_fp": "13.00", "created_time": "2026-02-27T03:57:23.683676Z", "no_price": 73, "no_price_dollars": "0.7300", "price": 0.27, "taker_side": "no", "ticker": "KXINX-26FEB27H1600-B6937", "trade_id": "8ee9156a-c74d-56d1-3f49-58b66ab87849", "yes_price": 27, "yes_price_dollars": "0.2700"}
{"count": 11, "count_fp": "11.00", "created_time": "2026-02-27T03:57:01.85321Z", "no_price": 73, "no_price_dollars": "0.7300", "price": 0.27, "taker_side": "no", "ticker": "KXINX-26FEB27H1600-B6937", "trade_id": "45d6676c-3545-7699-72b3-20ef4f418ec1", "yes_price": 27, "yes_price_dollars": "0.2700"}
{"count": 14, "count_fp": "14.00", "created_time": "2026-02-27T03:57:01.85321Z", "no_price": 73, "no_price_dollars": "0.7300", "price": 0.27, "taker_side": "no", "ticker": "KXINX-26FEB27H1600-B6937", "trade_id": "22c5af68-21c5-7bcd-6a12-34d8df8f0ba6", "yes_price": 27, "yes_price_dollars": "0.2700"}
{"count": 10, "count_fp": "10.00", "created_time": "2026-02-27T03:56:42.79596Z", "no_price": 73, "no_price_dollars": "0.7300", "price": 0.27, "taker_side": "no", "ticker": "KXINX-26FEB27H1600-B6937", "trade_id": "aae1685a-b421-7eb5-8a12-2c228928c832", "yes_price": 27, "yes_price_dollars": "0.2700"}
{"count": 1, "count_fp": "1.00", "created_time": "2026-02-27T03:56:31.040625Z", "no_price": 73, "no_price_dollars": "0.7300", "price": 0.27, "taker_side": "no", "ticker": "KXINX-26FEB27H1600-B6937", "trade_id": "c2b4f634-b375-47f5-67fa-a2a582f988d2", "yes_price": 27, "yes_price_dollars": "0.2700"}
{"count": 11, "count_fp": "11.00", "created_time": "2026-02-27T03:56:31.040625Z", "no_price": 73, "no_price_dollars": "0.7300", "price": 0.27, "taker_side": "no", "ticker": "KXINX-26FEB27H1600-B6937", "trade_id": "70710910-ab18-4b27-5b07-5f8f60ae5d29", "yes_price": 27, "yes_price_dollars": "0.2700"}
{"count": 3, "count_fp": "3.00", "created_time": "2026-02-27T03:56:29.82004Z", "no_price": 73, "no_price_dollars": "0.7300", "price": 0.27, "taker_side": "no", "ticker": "KXINX-26FEB27H1600-B6937", "trade_id": "aa9ca54d-5c34-65c3-af3a-972e185c0965", "yes_price": 27, "yes_price_dollars": "0.2700"}
{"count": 11, "count_fp": "11.00", "created_time": "2026-02-27T03:55:57.954135Z", "no_price": 73, "no_price_dollars": "0.7300", "price": 0.27, "taker_side": "no", "ticker": "KXINX-26FEB27H1600-B6937", "trade_id": "563983f1-2668-5d33-a701-91bb15bc8465", "yes_price": 27, "yes_price_dollars": "0.2700"}
{"count": 1, "count_fp": "1.00", "created_time": "2026-02-27T03:55:57.954135Z", "no_price": 73, "no_price_dollars": "0.7300", "price": 0.27, "taker_side": "no", "ticker": "KXINX-26FEB27H1600-B6937", "trade_id": "1e6ed0a8-bb5d-5dcb-b328-b3fe0672eb69", "yes_price": 27, "yes_price_dollars": "0.2700"}
{"count": 13, "count_fp": "13.00", "created_time": "2026-02-27T03:55:27.23819Z", "no_price": 73, "no_price_dollars": "0.7300", "price": 0.27, "taker_side": "no", "ticker": "KXINX-26FEB27H1600-B6937", "trade_id": "b494a030-11cd-44e7-0eb6-404ab4fe6cc9", "yes_price": 27, "yes_price_dollars": "0.2700"}
{"count": 1, "count_fp": "1.00", "created_time": "2026-02-27T03:55:26.0206Z", "no_price": 73, "no_price_dollars": "0.7300", "price": 0.27, "taker_side": "no", "ticker": "KXINX-26FEB27H1600-B6937", "trade_id": "fcf2a4e0-13d7-63cd-1da6-7a78db1910bc", "yes_price": 27, "yes_price_dollars": "0.2700"}
{"count": 11, "count_fp": "11.00", "created_time": "2026-02-27T03:55:26.0206Z", "no_price": 73, "no_price_dollars": "0.7300", "price": 0.27, "taker_side": "no", "ticker": "KXINX-26FEB27H1600-B6937", "trade_id": "a86eefdc-f9ad-6e0f-12b0-e8bd81739465", "yes_price": 27, "yes_price_dollars": "0.2700"}
{"count": 3, "count_fp": "3.00", "created_time": "2026-02-27T03:54:56.603142Z", "no_price": 73, "no_price_dollars": "0.7300", "price": 0.27, "taker_side": "no", "ticker": "KXINX-26FEB27H1600-B6937", "trade_id": "5e23d990-dfe3-5da5-7a74-0431bd4b4840", "yes_price": 27, "yes_price_dollars": "0.2700"}
{"count": 10, "count_fp": "10.00", "created_time": "2026-02-27T03:54:55.377542Z", "no_price": 73, "no_price_dollars": "0.7300", "price": 0.27, "taker_side": "no", "ticker": "KXINX-26FEB27H1600-B6937", "trade_id": "56a99de1-b41b-4179-5003-bbe9595a7554", "yes_price": 27, "yes_price_dollars": "0.2700"}
{"count": 1, "count_fp": "1.00", "created_time": "2026-02-27T03:54:54.159536Z", "no_price": 73, "no_price_dollars": "0.7300", "price": 0.27, "taker_side": "no", "ticker": "KXINX-26FEB27H1600-B6937", "trade_id": "b68d7f84-48cd-6800-66c5-0e21a7ed6eff", "yes_price": 27, "yes_price_dollars": "0.2700"}
{"count": 11, "count_fp": "11.00", "created_time": "2026-02-27T03:54:54.159536Z", "no_price": 73, "no_price_dollars": "0.7300", "price": 0.27, "taker_side": "no", "ticker": "KXINX-26FEB27H1600-B6937", "trade_id": "767cd198-315b-6c6d-7af5-39e18f962538", "yes_price": 27, "yes_price_dollars": "0.2700"}
