{"count": 20, "count_fp": "20.00", "created_time": "2026-02-05T18:52:05.489751Z", "no_price": 97, "no_price_dollars": "0.9700", "price": 0.03, "taker_side": "no", "ticker": "KXINX-26FEB05H1600-B6912", "trade_id": "b79cc742-bdd1-7253-eb99-acdeccc3f95a", "yes_price": 3, "yes_price_dollars": "0.0300"}
{"count": 745, "count_fp": "745.00", "created_time": "2026-02-05T17:46:35.665309Z", "no_price": 95, "no_price_dollars": "0.9500", "price": 0.05, "taker_side": "yes", "ticker": "KXINX-26FEB05H1600-B6912", "trade_id": "716e8054-0f85-4ce0-61e6-a30330f2a7b8", "yes_price": 5, "yes_price_dollars": "0.0500"}
{"count": 80, "count_fp": "80.00", "created_time": "2026-02-05T20:00:48.658746Z", "no_price": 96, "no_price_dollars": "0.9600", "price": 0.04, "taker_side": "yes", "ticker": "KXINX-26FEB05H1600-B6887", "trade_id": "723a969e-cf1f-43a4-3fd8-5201a0a8f187", "yes_price": 4, "yes_price_dollars": "0.0400"}
{"count": 20, "count_fp": "20.00", "created_time": "2026-02-05T20:00:32.820147Z", "no_price": 97, "no_price_dollars": "0.9700", "price": 0.03, "taker_side": "yes", "ticker": "KXINX-26FEB05H1600-B6887", "trade_id": "4a6ebda8-2ef6-6258-6961-2cced0b2723c", "yes_price": 3, "yes_price_dollars": "0.0300"}
{"count": 20, "count_fp": "20.00", "created_time": "2026-02-05T19:59:09.42749Z", "no_price": 98, "no_price_dollars": "0.9800", "price": 0.02, "taker_side": "yes", "ticker": "KXINX-26FEB05H1600-B6887", "trade_id": "9e30a110-8691-6667-8a6e-0d617b57274a", "yes_price": 2, "yes_price_dollars": "0.0200"}
{"count": 20, "count_fp": "20.00", "created_time": "2026-02-05T19:59:09.42749Z", "no_price": 98, "no_price_dollars": "0.9800", "price": 0.02, "taker_side": "yes", "ticker": "KXINX-26FEB05H1600-B6887", "trade_id": "16c0dd64-1bb7-6c4d-8080-09bdbfdfd634", "yes_price": 2, "yes_price_dollars": "0.0200"}
{"count": 20, "count_fp": "20.00", "created_time": "2026-02-05T19:24:35.562463Z", "no_price": 95, "no_price_dollars": "0.9500", "price": 0.05, "taker_side": "no", "ticker": "KXINX-26FEB05H1600-B6887", "trade_id": "4967e8da-f58c-4234-4294-74edf6f7fcb3", "yes_price": 5, "yes_price_dollars": "0.0500"}
{"count": 121, "count_fp": "121.00", "created_time": "2026-02-05T19:18:58.521098Z", "no_price": 92, "no_price_dollars": "0.9200", "price": 0.08, "taker_side": "yes", "ticker": "KXINX-26FEB05H1600-B6887", "trade_id": "858a78c0-9c1c-5c25-039f-db8e16f2d644", "yes_price": 8, "yes_price_dollars": "0.0800"}
{"count": 96, "count_fp": "96.00", "created_time": "2026-02-05T19:17:15.8611Z", "no_price": 92, "no_price_dollars": "0.9200", "price": 0.08, "taker_side": "yes", "ticker": "KXINX-26FEB05H1600-B6887", "trade_id": "1b65a4a9-ebbc-6e05-c8ff-ae15342da35c", "yes_price": 8, "yes_price_dollars": "0.0800"}
{"count": 20, "count_fp": "20.00", "created_time": "2026-02-05T18:58:15.952622Z", "no_price": 97, "no_price_dollars": "0.9700", "price": 0.03, "taker_side": "no", "ticker": "KXINX-26FEB05H1600-B6887", "trade_id": "5f131a82-074f-4d86-dfe7-1bd528fdc24d", "yes_price": 3, "yes_price_dollars": "0.0300"}
{"count": 20, "count_fp": "20.00", "created_time": "2026-02-05T18:58:14.768069Z", "no_price": 97, "no_price_dollars": "0.9700", "price": 0.03, "taker_side": "no", "ticker": "KXINX-26FEB05H1600-B6887", "trade_id": "1a57f487-165b-69d6-1bbd-6f11019a3cb9", "yes_price": 3, "yes_price_dollars": "0.0300"}
{"count": 20, "count_fp": "20.00", "created_time": "2026-02-05T18:58:13.253586Z", "no_price": 97, "no_price_dollars": "0.9700", "price": 0.03, "taker_side": "no", "ticker": "KXINX-26FEB05H1600-B6887", "trade_id": "fa0a1a78-3153-7e7e-af61-fe237ab96d65", "yes_price": 3, "yes_price_dollars": "0.0300"}
{"count": 20, "count_fp": "20.00", "created_time": "2026-02-05T18:58:12.064785Z", "no_price": 97, "no_price_dollars": "0.9700", "price": 0.03, "taker_side": "no", "ticker": "KXINX-26FEB05H1600-B6887", "trade_id": "24163b10-ffd3-4aa6-45ab-8d656f8620bd", "yes_price": 3, "yes_price_dollars": "0.0300"}
{"count": 20, "count_fp": "20.00", "created_time": "2026-02-05T18:58:10.260017Z", "no_price": 97, "no_price_dollars": "0.9700", "price": 0.03, "taker_side": "no", "ticker": "KXINX-26FEB05H1600-B6887", "trade_id": "5717afb8-85a3-4daa-355e-1107b8c8bdc5", "yes_price": 3, "yes_price_dollars": "0.0300"}
{"count": 20, "count_fp": "20.00", "created_time": "2026-02-05T18:57:05.768076Z", "no_price": 97, "no_price_dollars": "0.9700", "price": 0.03, "taker_side": "no", "ticker": "KXINX-26FEB05H1600-B6887", "trade_id": "28fe5b6a-88eb-632e-183e-670c92cf879d", "yes_price": 3, "yes_price_dollars": "0.0300"}
{"count": 20, "count_fp": "20.00", "created_time": "2026-02-05T18:57:04.58524Z", "no_price": 97, "no_price_dollars": "0.9700", "price": 0.03, "taker_side": "no", "ticker": "KXINX-26FEB05H1600-B6887", "trade_id": "512434d8-ccf3-506a-ce12-52fa660761a9", "yes_price": 3, "yes_price_dollars": "0.0300"}
{"count": 20, "count_fp": "20.00", "created_time": "2026-02-05T18:57:03.399748Z", "no_price": 97, "no_price_dollars": "0.9700", "price": 0.03, "taker_side": "no", "ticker": "KXINX-26FEB05H1600-B6887", "trade_id": "0bb559ca-b45f-5a6e-79c9-8e6d995fc135", "yes_price": 3, "yes_price_dollars": "0.0300"}
{"count": 20, "count_fp": "20.00", "created_time": "2026-02-05T18:57:02.217378Z", "no_price": 97, "no_price_dollars": "0.9700", "price": 0.03, "taker_side": "no", "ticker": "KXINX-26FEB05H1600-B6887", "trade_id": "6a35cc12-c4af-4392-0520-e215336ce905", "yes_price": 3, "yes_price_dollars": "0.0300"}
{"count": 20, "count_fp": "20.00", "created_time": "2026-02-05T18:57:00.758924Z", "no_price": 97, "no_price_dollars": "0.9700", "price": 0.03, "taker_side": "no", "ticker": "KXINX-26FEB05H1600-B6887", "trade_id": "6636ec9c-d22f-7696-5567-2c359531ce39", "yes_price": 3, "yes_price_dollars": "0.0300"}
{"count": 19, "count_fp": "19.00", "created_time": "2026-02-05T18:57:00.293617Z", "no_price": 97, "no_price_dollars": "0.9700", "price": 0.03, "taker_side": "yes", "ticker": "KXINX-26FEB05H1600-B6887", "trade_id": "f3305b23-0e3b-5fef-d0cf-6e4787b6cf3d", "yes_price": 3, "yes_price_dollars": "0.0300"}
{"count": 1, "count_fp": "1.00", "created_time": "2026-02-05T18:52:04.229169Z", "no_price": 97, "no_price_dollars": "0.9700", "price": 0.03, "taker_side": "yes", "ticker": "KXINX-26FEB05H1600-B6887", "trade_id": "06f68dfc-fb57-5def-8423-7c1baf4a7bfd", "yes_price": 3, "yes_price_dollars": "0.0300"}
{"count": 400, "count_fp": "400.00", "created_time": "2026-02-05T18:31:25.291751Z", "no_price": 92, "no_price_dollars": "0.9200", "price": 0.08, "taker_side": "yes", "ticker": "KXINX-26FEB05H1600-B6887", "trade_id": "bdd88c39-7b17-5c28-9669-ccbdc22a514c", "yes_price": 8, "yes_price_dollars": "0.0800"}
{"count": 10, "count_fp": "10.00", "created_time": "2026-02-05T17:46:05.419766Z", "no_price": 86, "no_price_dollars": "0.8600", "price": 0.14, "taker_side": "no", "ticker": "KXINX-26FEB05H1600-B6887", "trade_id": "75db6cd3-cb34-734f-61a9-cbec8eada39e", "yes_price": 14, "yes_price_dollars": "0.1400"}
{"count": 4, "count_fp": "4.00", "created_time": "2026-02-05T17:46:05.142553Z", "no_price": 86, "no_price_dollars": "0.8600", "price": 0.14, "taker_side": "no", "ticker": "KXINX-26FEB05H1600-B6887", "trade_id": "8b74c262-9c48-48c3-07a9-4d0b7c5b8c1a", "yes_price": 14, "yes_price_dollars": "0.1400"}
{"count": 4, "count_fp": "4.00", "created_time": "2026-02-05T17:46:04.712985Z", "no_price": 86, "no_price_dollars": "0.8600", "price": 0.14, "taker_side": "no", "ticker": "KXINX-26FEB05H1600-B6887", "trade_id": "3c530f73-e174-5417-d75d-5b3d319b5d12", "yes_price": 14, "yes_price_dollars": "0.1400"}
{"count": 500, "count_fp": "500.00", "created_time": "2026-02-05T20:18:44.509215Z", "no_price": 93, "no_price_dollars": "0.9300", "price": 0.07, "taker_side": "yes", "ticker": "KXINX-26FEB05H1600-B6862", "trade_id": "90b96ce0-6b4d-6960-d2d9-ef63ead434ae", "yes_price": 7, "yes_price_dollars": "0.0700"}
{"count": 20, "count_fp": "20.00", "created_time": "2026-02-05T20:17:20.37245Z", "no_price": 94, "no_price_dollars": "0.9400", "price": 0.06, "taker_side": "no", "ticker": "KXINX-26FEB05H1600-B6862", "trade_id": "7f6e0c7b-c7a8-5898-b603-5652be278c96", "yes_price": 6, "yes_price_dollars": "0.0600"}
{"count": 20, "count_fp": "20.00", "created_time": "2026-02-05T20:17:19.532577Z", "no_price": 94, "no_price_dollars": "0.9400", "price": 0.06, "taker_side": "yes", "ticker": "KXINX-26FEB05H1600-B6862", "trade_id": "9e7daec8-ea32-41b3-fae0-1ccc54e5fe4b", "yes_price": 6, "yes_price_dollars": "0.0600"}
{"count": 20, "count_fp": "20.00", "created_time": "2026-02-05T20:07:33.62473Z", "no_price": 88, "no_price_dollars": "0.8800", "price": 0.12, "taker_side": "yes", "ticker": "KXINX-26FEB05H1600-B6862", "trade_id": "a2124d5d-1577-5082-d4d0-231fdf809a4f", "yes_price": 12, "yes_price_dollars": "0.1200"}
{"count": 52, "count_fp": "52.00", "created_time": "2026-02-05T20:02:02.087553Z", "no_price": 95, "no_price_dollars": "0.9500", "price": 0.05, "taker_side": "no", "ticker": "KXINX-26FEB05H1600-B6862", "trade_id": "7147bfdd-f5e3-758d-f1bc-92f8c3759561", "yes_price": 5, "yes_price_dollars": "0.0500"}
{"count": 20, "count_fp": "20.00", "created_time": "2026-02-05T19:30:08.913292Z", "no_price": 88, "no_price_dollars": "0.8800", "price": 0.12, "taker_side": "yes", "ticker": "KXINX-26FEB05H1600-B6862", "trade_id": "245e5f96-bada-67c1-706e-dfd6ccb978ca", "yes_price": 12, "yes_price_dollars": "0.1200"}
{"count": 20, "count_fp": "20.00", "created_time": "2026-02-05T19:30:07.814325Z", "no_price": 87, "no_price_dollars": "0.8700", "price": 0.13, "taker_side": "no", "ticker": "KXINX-26FEB05H1600-B6862", "trade_id": "5bb45082-fdb3-49f9-3509-478e3df1a109", "yes_price": 13, "yes_price_dollars": "0.1300"}
{"count": 20, "count_fp": "20.00", "created_time": "2026-02-05T19:25:18.18001Z", "no_price": 81, "no_price_dollars": "0.8100", "price": 0.19, "taker_side": "no", "ticker": "KXINX-26FEB05H1600-B6862", "trade_id": "7231a6df-25c5-4cb9-1a17-523457751890", "yes_price": 19, "yes_price_dollars": "0.1900"}
{"count": 52, "count_fp": "52.00", "created_time": "2026-02-05T19:25:16.844791Z", "no_price": 79, "no_price_dollars": "0.7900", "price": 0.21, "taker_side": "no", "ticker": "KXINX-26FEB05H1600-B6862", "trade_id": "9c29b248-d4e3-4fa2-1a74-f10fc4bc9b2d", "yes_price": 21, "yes_price_dollars": "0.2100"}
{"count": 84, "count_fp": "84.00", "created_time": "2026-02-05T19:18:32.38862Z", "no_price": 77, "no_price_dollars": "0.7700", "price": 0.23, "taker_side": "yes", "ticker": "KXINX-26FEB05H1600-B6862", "trade_id": "8a202671-e0c2-5131-348b-bee993bb4b8e", "yes_price": 23, "yes_price_dollars": "0.2300"}
{"count": 20, "count_fp": "20.00", "created_time": "2026-02-05T19:16:57.487687Z", "no_price": 78, "no_price_dollars": "0.7800", "price": 0.22, "taker_side": "yes", "ticker": "KXINX-26FEB05H1600-B6862", "trade_id": "ddc9360f-bcc2-5297-a282-326e67f978da", "yes_price": 22, "yes_price_dollars": "0.2200"}
{"count": 68, "count_fp": "68.00", "created_time": "2026-02-05T19:16:57.487687Z", "no_price": 78, "no_price_dollars": "0.7800", "price": 0.22, "taker_side": "yes", "ticker": "KXINX-26FEB05H1600-B6862", "trade_id": "4b78053a-033e-5965-a913-2c4882d769b2", "yes_price": 22, "yes_price_dollars": "0.2200"}
{"count": 20, "count_fp": "20.00", "created_time": "2026-02-05T18:52:25.380204Z", "no_price": 91, "no_price_dollars": "0.9100", "price": 0.09, "taker_side": "no", "ticker": "KXINX-26FEB05H1600-B6862", "trade_id": "eefda836-b5c0-4aa2-92e4-bc9eef0a97a2", "yes_price": 9, "yes_price_dollars": "0.0900"}
{"count": 20, "count_fp": "20.00", "created_time": "2026-02-05T18:16:43.239984Z", "no_price": 83, "no_price_dollars": "0.8300", "price": 0.17, "taker_side": "no", "ticker": "KXINX-26FEB05H1600-B6862", "trade_id": "7c714c92-0a1e-6b5b-403d-4d6750b83242", "yes_price": 17, "yes_price_dollars": "0.1700"}
{"count": 10, "count_fp": "10.00", "created_time": "2026-02-05T17:32:27.221796Z", "no_price": 81, "no_price_dollars": "0.8100", "price": 0.19, "taker_side": "no", "ticker": "KXINX-26FEB05H1600-B6862", "trade_id": "6c3917f4-2b04-7861-9189-0d062ad53e8b", "yes_price": 19, "yes_price_dollars": "0.1900"}
{"count": 18, "count_fp": "18.00", "created_time": "2026-02-05T20:45:21.586495Z", "no_price": 94, "no_price_dollars": "0.9400", "price": 0.06, "taker_side": "no", "ticker": "KXINX-26FEB05H1600-B6837", "trade_id": "c1782644-e6dd-4b99-3736-4b979fd5ecd4", "yes_price": 6, "yes_price_dollars": "0.0600"}
{"count": 14, "count_fp": "14.00", "created_time": "2026-02-05T20:44:47.068043Z", "no_price": 94, "no_price_dollars": "0.9400", "price": 0.06, "taker_side": "no", "ticker": "KXINX-26FEB05H1600-B6837", "trade_id": "4e162eaf-38bd-4d91-6045-8774c1c1994c", "yes_price": 6, "yes_price_dollars": "0.0600"}
{"count": 344, "count_fp": "344.00", "created_time": "2026-02-05T20:36:23.934515Z", "no_price": 97, "no_price_dollars": "0.9700", "price": 0.03, "taker_side": "no", "ticker": "KXINX-26FEB05H1600-B6837", "trade_id": "cd68387a-bb94-4d35-00ed-da48f2916c37", "yes_price": 3, "yes_price_dollars": "0.0300"}
{"count": 20, "count_fp": "20.00", "created_time": "2026-02-05T20:32:25.264267Z", "no_price": 91, "no_price_dollars": "0.9100", "price": 0.09, "taker_side": "yes", "ticker": "KXINX-26FEB05H1600-B6837", "trade_id": "b6b9873c-ee36-76fd-310f-a341606861ec", "yes_price": 9, "yes_price_dollars": "0.0900"}
{"count": 20, "count_fp": "20.00", "created_time": "2026-02-05T20:32:23.938165Z", "no_price": 91, "no_price_dollars": "0.9100", "price": 0.09, "taker_side": "yes", "ticker": "KXINX-26FEB05H1600-B6837", "trade_id": "6657cb0e-814a-632d-244f-ffe7ea7ed9dc", "yes_price": 9, "yes_price_dollars": "0.0900"}
{"count": 20, "count_fp": "20.00", "created_time": "2026-02-05T20:32:22.607889Z", "no_price": 91, "no_price_dollars": "0.9100", "price": 0.09, "taker_side": "yes", "ticker": "KXINX-26FEB05H1600-B6837", "trade_id": "a7c6885e-583e-7061-bc47-d0541db4d474", "yes_price": 9, "yes_price_dollars": "0.0900"}
{"count": 20, "count_fp": "20.00", "created_time": "2026-02-05T20:32:21.282024Z", "no_price": 91, "no_price_dollars": "0.9100", "price": 0.09, "taker_side": "yes", "ticker": "KXINX-26FEB05H1600-B6837", "trade_id": "c9e4f94e-7d32-7aa9-6b16-3560a88cb9ec", "yes_price": 9, "yes_price_dollars": "0.0900"}
{"count": 20, "count_fp": "20.00", "created_time": "2026-02-05T20:32:19.956632Z", "no_price": 91, "no_price_dollars": "0.9100", "price": 0.09, "taker_side": "yes", "ticker": "KXINX-26FEB05H1600-B6837", "trade_id": "5d35d53d-93ca-41dd-30fa-b756ffcadf50", "yes_price": 9, "yes_price_dollars": "0.0900"}
{"count": 20, "count_fp": "20.00", "created_time": "2026-02-05T20:32:18.344152Z", "no_price": 91, "no_price_dollars": "0.9100", "price": 0.09, "taker_side": "yes", "ticker": "KXINX-26FEB05H1600-B6837", "trade_id": "df38971d-4a4e-6f9d-2209-2996ebc9c808", "yes_price": 9, "yes_price_dollars": "0.0900"}
{"count": 20, "count_fp": "20.00", "created_time": "2026-02-05T20:31:45.04387Z", "no_price": 90, "no_price_dollars": "0.9000", "price": 0.1, "taker_side": "no", "ticker": "KXINX-26FEB05H1600-B6837", "trade_id": "d3e12532-4290-4ad7-349b-d8a24d213256", "yes_price": 10, "yes_price_dollars": "0.1000"}
{"count": 404, "count_fp": "404.00", "created_time": "2026-02-05T20:28:38.002565Z", "no_price": 88, "no_price_dollars": "0.8800", "price": 0.12, "taker_side": "yes", "ticker": "KXINX-26FEB05H1600-B6837", "trade_id": "7e474b63-aeb6-5031-c8a9-c511aded5694", "yes_price": 12, "yes_price_dollars": "0.1200"}
{"count": 2, "count_fp": "2.00", "created_time": "2026-02-05T20:26:04.367322Z", "no_price": 88, "no_price_dollars": "0.8800", "price": 0.12, "taker_side": "yes", "ticker": "KXINX-26FEB05H1600-B6837", "trade_id": "da1382a4-2ef2-4825-3495-f256ea3f60ec", "yes_price": 12, "yes_price_dollars": "0.1200"}
{"count": 1, "count_fp": "1.00", "created_time": "2026-02-05T20:25:39.481551Z", "no_price": 88, "no_price_dollars": "0.8800", "price": 0.12, "taker_side": "no", "ticker": "KXINX-26FEB05H1600-B6837", "trade_id": "ba768ec0-38e7-4419-2de4-ac0b7777c429", "yes_price": 12, "yes_price_dollars": "0.1200"}
{"count": 1, "count_fp": "1.00", "created_time": "2026-02-05T20:25:39.481551Z", "no_price": 88, "no_price_dollars": "0.8800", "price": 0.12, "taker_side": "no", "ticker": "KXINX-26FEB05H1600-B6837", "trade_id": "21df7e15-d487-419f-164e-c42f28ee21e6", "yes_price": 12, "yes_price_dollars": "0.1200"}
{"count": 20, "count_fp": "20.00", "created_time": "2026-02-05T20:22:19.963484Z", "no_price": 81, "no_price_dollars": "0.8100", "price": 0.19, "taker_side": "yes", "ticker": "KXINX-26FEB05H1600-B6837", "trade_id": "77b8ce8c-b1ee-6da4-4292-499b850bf9af", "yes_price": 19, "yes_price_dollars": "0.1900"}
{"count": 1, "count_fp": "1.00", "created_time": "2026-02-05T20:17:13.719099Z", "no_price": 80, "no_price_dollars": "0.8000", "price": 0.2, "taker_side": "no", "ticker": "KXINX-26FEB05H1600-B6837", "trade_id": "c2acca3a-bcba-4e34-e72f-6b96a53bf97d", "yes_price": 20, "yes_price_dollars": "0.2000"}
{"count": 20, "count_fp": "20.00", "created_time": "2026-02-05T20:17:00.107829Z", "no_price": 76, "no_price_dollars": "0.7600", "price": 0.24, "taker_side": "no", "ticker": "KXINX-26FEB05H1600-B6837", "trade_id": "71563cee-6e4b-5954-a54b-938e1a233970", "yes_price": 24, "yes_price_dollars": "0.2400"}
{"count": 8, "count_fp": "8.00", "created_time": "2026-02-05T20:16:05.162876Z", "no_price": 77, "no_price_dollars": "0.7700", "price": 0.23, "taker_side": "no", "ticker": "KXINX-26FEB05H1600-B6837", "trade_id": "c7b57cd1-3715-7eb4-cfe5-cfcd2b886239", "yes_price": 23, "yes_price_dollars": "0.2300"}
{"count": 316, "count_fp": "316.00", "created_time": "2026-02-05T20:13:53.885035Z", "no_price": 70, "no_price_dollars": "0.7000", "price": 0.3, "taker_side": "no", "ticker": "KXINX-26FEB05H1600-B6837", "trade_id": "1e14b7d7-795a-6a7d-ef0c-c06518cb7d2f", "yes_price": 30, "yes_price_dollars": "0.3000"}
{"count": 1, "count_fp": "1.00", "created_time": "2026-02-05T20:09:11.334823Z", "no_price": 63, "no_price_dollars": "0.6300", "price": 0.37, "taker_side": "yes", "ticker": "KXINX-26FEB05H1600-B6837", "trade_id": "e6ebac43-1ce0-4a8c-5e1a-e026471cecfe", "yes_price": 37, "yes_price_dollars": "0.3700"}
{"count": 6, "count_fp": "6.00", "created_time": "2026-02-05T20:08:04.852778Z", "no_price": 63, "no_price_dollars": "0.6300", "price": 0.37, "taker_side": "yes", "ticker": "KXINX-26FEB05H1600-B6837", "trade_id": "82e3ea23-9978-5244-bc4f-d6f23040a22a", "yes_price": 37, "yes_price_dollars": "0.3700"}
{"count": 14, "count_fp": "14.00", "created_time": "2026-02-05T20:07:25.650543Z", "no_price": 66, "no_price_dollars": "0.6600", "price": 0.34, "taker_side": "yes", "ticker": "KXINX-26FEB05H1600-B6837", "trade_id": "07087a49-5c05-73ad-07ba-595d97642130", "yes_price": 34, "yes_price_dollars": "0.3400"}
{"count": 36, "count_fp": "36.00", "created_time": "2026-02-05T20:02:23.627647Z", "no_price": 76, "no_price_dollars": "0.7600", "price": 0.24, "taker_side": "no", "ticker": "KXINX-26FEB05H1600-B6837", "trade_id": "880ef77c-2db2-54dd-3c28-f308a45c643b", "yes_price": 24, "yes_price_dollars": "0.2400"}
{"count": 29, "count_fp": "29.00", "created_time": "2026-02-05T20:02:23.627647Z", "no_price": 75, "no_price_dollars": "0.7500", "price": 0.25, "taker_side": "no", "ticker": "KXINX-26FEB05H1600-B6837", "trade_id": "880463b0-6171-5edf-186d-dbe19e6839a2", "yes_price": 25, "yes_price_dollars": "0.2500"}
{"count": 20, "count_fp": "20.00", "created_time": "2026-02-05T19:50:30.615471Z", "no_price": 78, "no_price_dollars": "0.7800", "price": 0.22, "taker_side": "no", "ticker": "KXINX-26FEB05H1600-B6837", "trade_id": "e7225242-1a92-5f56-05e8-43ff60bb57d2", "yes_price": 22, "yes_price_dollars": "0.2200"}
{"count": 18, "count_fp": "18.00", "created_time": "2026-02-05T19:49:39.988967Z", "no_price": 75, "no_price_dollars": "0.7500", "price": 0.25, "taker_side": "yes", "ticker": "KXINX-26FEB05H1600-B6837", "trade_id": "b9b59d7f-00f6-6e91-306d-84fe817c73d4", "yes_price": 25, "yes_price_dollars": "0.2500"}
{"count": 20, "count_fp": "20.00", "created_time": "2026-02-05T19:49:39.988967Z", "no_price": 76, "no_price_dollars": "0.7600", "price": 0.24, "taker_side": "yes", "ticker": "KXINX-26FEB05H1600-B6837", "trade_id": "adfba32c-d095-61e5-1348-209abd28ff4e", "yes_price": 24, "yes_price_dollars": "0.2400"}
{"count": 1, "count_fp": "1.00", "created_time": "2026-02-05T19:47:58.48498Z", "no_price": 80, "no_price_dollars": "0.8000", "price": 0.2, "taker_side": "no", "ticker": "KXINX-26FEB05H1600-B6837", "trade_id": "fea9a338-ed3a-5596-52f3-be052057b6aa", "yes_price": 20, "yes_price_dollars": "0.2000"}
{"count": 109, "count_fp": "109.00", "created_time": "2026-02-05T19:33:16.697321Z", "no_price": 73, "no_price_dollars": "0.7300", "price": 0.27, "taker_side": "yes", "ticker": "KXINX-26FEB05H1600-B6837", "trade_id": "f650f1ca-0192-717d-eadd-169f59828230", "yes_price": 27, "yes_price_dollars": "0.2700"}
{"count": 20, "count_fp": "20.00", "created_time": "2026-02-05T19:33:16.697321Z", "no_price": 74, "no_price_dollars": "0.7400", "price": 0.26, "taker_side": "yes", "ticker": "KXINX-26FEB05H1600-B6837", "trade_id": "8ee9eaed-6a80-7c8c-e6dd-19b31069d273", "yes_price": 26, "yes_price_dollars": "0.2600"}
{"count": 20, "count_fp": "20.00", "created_time": "2026-02-05T19:30:10.239213Z", "no_price": 68, "no_price_dollars": "0.6800", "price": 0.32, "taker_side": "yes", "ticker": "KXINX-26FEB05H1600-B6837", "trade_id": "bfa62483-f4ca-6fa5-0ded-513c755dff6c", "yes_price": 32, "yes_price_dollars": "0.3200"}
{"count": 20, "count_fp": "20.00", "created_time": "2026-02-05T19:30:08.637233Z", "no_price": 68, "no_price_dollars": "0.6800", "price": 0.32, "taker_side": "no", "ticker": "KXINX-26FEB05H1600-B6837", "trade_id": "a16996b4-8e37-5f50-0b5d-dfc1924e11df", "yes_price": 32, "yes_price_dollars": "0.3200"}
{"count": 41, "count_fp": "41.00", "created_time": "2026-02-05T19:30:07.680835Z", "no_price": 67, "no_price_dollars": "0.6700", "price": 0.33, "taker_side": "no", "ticker": "KXINX-26FEB05H1600-B6837", "trade_id": "3110e7da-72ff-52fa-302d-b1dabab96af9", "yes_price": 33, "yes_price_dollars": "0.3300"}
{"count": 5, "count_fp": "5.00", "created_time": "2026-02-05T19:25:03.457949Z", "no_price": 63, "no_price_dollars": "0.6300", "price": 0.37, "taker_side": "yes", "ticker": "KXINX-26FEB05H1600-B6837", "trade_id": "bf3d6770-c5dc-7768-bb91-4877cdd78de6", "yes_price": 37, "yes_price_dollars": "0.3700"}
{"count": 16, "count_fp": "16.00", "created_time": "2026-02-05T19:16:35.15136Z", "no_price": 68, "no_price_dollars": "0.6800", "price": 0.32, "taker_side": "yes", "ticker": "KXINX-26FEB05H1600-B6837", "trade_id": "daa6a790-3c03-5fcb-09a0-9917f50b02bd", "yes_price": 32, "yes_price_dollars": "0.3200"}
{"count": 20, "count_fp": "20.00", "created_time": "2026-02-05T19:16:33.970816Z", "no_price": 68, "no_price_dollars": "0.6800", "price": 0.32, "taker_side": "yes", "ticker": "KXINX-26FEB05H1600-B6837", "trade_id": "8d00540b-ca47-5e4b-c4c4-5a0755887bcd", "yes_price": 32, "yes_price_dollars": "0.3200"}
{"count": 76, "count_fp": "76.00", "created_time": "2026-02-05T19:15:46.273553Z", "no_price": 68, "no_price_dollars": "0.6800", "price": 0.32, "taker_side": "yes", "ticker": "KXINX-26FEB05H1600-B6837", "trade_id": "9181d30a-f45b-5c8f-7e2f-6ff809b4402d", "yes_price": 32, "yes_price_dollars": "0.3200"}
{"count": 12, "count_fp": "12.00", "created_time": "2026-02-05T19:11:41.925655Z", "no_price": 69, "no_price_dollars": "0.6900", "price": 0.31, "taker_side": "yes", "ticker": "KXINX-26FEB05H1600-B6837", "trade_id": "b273c698-999b-7985-5c36-cf951895c5e2", "yes_price": 31, "yes_price_dollars": "0.3100"}
{"count": 17, "count_fp": "17.00", "created_time": "2026-02-05T19:08:41.010669Z", "no_price": 72, "no_price_dollars": "0.7200", "price": 0.28, "taker_side": "yes", "ticker": "KXINX-26FEB05H1600-B6837", "trade_id": "b79480fb-2b4e-75b5-6018-91ad0ee123c8", "yes_price": 28, "yes_price_dollars": "0.2800"}
{"count": 20, "count_fp": "20.00", "created_time": "2026-02-05T19:08:03.948738Z", "no_price": 73, "no_price_dollars": "0.7300", "price": 0.27, "taker_side": "no", "ticker": "KXINX-26FEB05H1600-B6837", "trade_id": "c2230a82-e8f2-7b53-1994-04e774bbdfa8", "yes_price": 27, "yes_price_dollars": "0.2700"}
{"count": 2, "count_fp": "2.00", "created_time": "2026-02-05T19:04:05.527566Z", "no_price": 76, "no_price_dollars": "0.7600", "price": 0.24, "taker_side": "no", "ticker": "KXINX-26FEB05H1600-B6837", "trade_id": "864fc8e0-e869-6a8c-1876-ef0250e5aef4", "yes_price": 24, "yes_price_dollars": "0.2400"}
{"count": 20, "count_fp": "20.00", "created_time": "2026-02-05T19:00:07.74963Z", "no_price": 80, "no_price_dollars": "0.8000", "price": 0.2, "taker_side": "no", "ticker": "KXINX-26FEB05H1600-B6837", "trade_id": "063c263d-86fb-423b-561e-494b97a96199", "yes_price": 20, "yes_price_dollars": "0.2000"}
{"count": 114, "count_fp": "114.00", "created_time": "2026-02-05T18:52:25.713715Z", "no_price": 78, "no_price_dollars": "0.7800", "price": 0.22, "taker_side": "yes", "ticker": "KXINX-26FEB05H1600-B6837", "trade_id": "ea9e33a9-35e6-46ae-75f8-aec19cd30865", "yes_price": 22, "yes_price_dollars": "0.2200"}
{"count": 20, "count_fp": "20.00", "created_time": "2026-02-05T18:52:25.713715Z", "no_price": 79, "no_price_dollars": "0.7900", "price": 0.21, "taker_side": "yes", "ticker": "KXINX-26FEB05H1600-B6837", "trade_id": "beb9da5a-43d7-4ce4-6e7d-059cac988f5d", "yes_price": 21, "yes_price_dollars": "0.2100"}
{"count": 48, "count_fp": "48.00", "created_time": "2026-02-05T18:52:25.713715Z", "no_price": 78, "no_price_dollars": "0.7800", "price": 0.22, "taker_side": "yes", "ticker": "KXINX-26FEB05H1600-B6837", "trade_id": "513706c0-38db-45ef-439e-6d55c3277999", "yes_price": 22, "yes_price_dollars": "0.2200"}
{"count": 20, "count_fp": "20.00", "created_time": "2026-02-05T18:51:06.068929Z", "no_price": 78, "no_price_dollars": "0.7800", "price": 0.22, "taker_side": "no", "ticker": "KXINX-26FEB05H1600-B6837", "trade_id": "96592ad7-e967-6ade-8d3c-320e870cb4be", "yes_price": 22, "yes_price_dollars": "0.2200"}
{"count": 2, "count_fp": "2.00", "created_time": "2026-02-05T18:44:05.997016Z", "no_price": 77, "no_price_dollars": "0.7700", "price": 0.23, "taker_side": "no", "ticker": "KXINX-26FEB05H1600-B6837", "trade_id": "72081e8f-d254-701b-4df3-04a1a8664380", "yes_price": 23, "yes_price_dollars": "0.2300"}
{"count": 5, "count_fp": "5.00", "created_time": "2026-02-05T18:43:11.54197Z", "no_price": 76, "no_price_dollars": "0.7600", "price": 0.24, "taker_side": "yes", "ticker": "KXINX-26FEB05H1600-B6837", "trade_id": "2662b730-11ce-5caf-2cf6-d2a14f121cc1", "yes_price": 24, "yes_price_dollars": "0.2400"}
{"count": 5, "count_fp": "5.00", "created_time": "2026-02-05T18:40:34.488412Z", "no_price": 76, "no_price_dollars": "0.7600", "price": 0.24, "taker_side": "yes", "ticker": "KXINX-26FEB05H1600-B6837", "trade_id": "6eb04b6f-1aad-7d7c-49ca-d21dcf45e687", "yes_price": 24, "yes_price_dollars": "0.2400"}
{"count": 10, "count_fp": "10.00", "created_time": "2026-02-05T18:08:46.359757Z", "no_price": 73, "no_price_dollars": "0.7300", "price": 0.27, "taker_side": "yes", "ticker": "KXINX-26FEB05H1600-B6837", "trade_id": "a56bb7f2-76ea-6841-aea5-9f4e0bc197fc", "yes_price": 27, "yes_price_dollars": "0.2700"}
{"count": 2, "count_fp": "2.00", "created_time": "2026-02-05T18:08:45.821876Z", "no_price": 73, "no_price_dollars": "0.7300", "price": 0.27, "taker_side": "yes", "ticker": "KXINX-26FEB05H1600-B6837", "trade_id": "2dac0386-a272-60d5-d06a-3c6432136d60", "yes_price": 27, "yes_price_dollars": "0.2700"}
{"count": 350, "count_fp": "350.00", "created_time": "2026-02-05T18:04:17.595766Z", "no_price": 73, "no_price_dollars": "0.7300", "price": 0.27, "taker_side": "yes", "ticker": "KXINX-26FEB05H1600-B6837", "trade_id": "bf55ea57-68c2-6779-4b96-168f75384c4c", "yes_price": 27, "yes_price_dollars": "0.2700"}
{"count": 10, "count_fp": "10.00", "created_time": "2026-02-05T18:02:50.830064Z", "no_price": 73, "no_price_dollars": "0.7300", "price": 0.27, "taker_side": "yes", "ticker": "KXINX-26FEB05H1600-B6837", "trade_id": "b598f250-62b6-7065-d06f-9e13076d5950", "yes_price": 27, "yes_price_dollars": "0.2700"}
{"count": 344, "count_fp": "344.00", "created_time": "2026-02-05T18:02:50.456699Z", "no_price": 73, "no_price_dollars": "0.7300", "price": 0.27, "taker_side": "yes", "ticker": "KXINX-26FEB05H1600-B6837", "trade_id": "05dd0f84-b22e-4b19-527b-2e74b46332bc", "yes_price": 27, "yes_price_dollars": "0.2700"}
{"count": 9, "count_fp": "9.00", "created_time": "2026-02-05T20:58:48.728098Z", "no_price": 85, "no_price_dollars": "0.8500", "price": 0.15, "taker_side": "no", "ticker": "KXINX-26FEB05H1600-B6812", "trade_id": "a4393dcb-2d60-4555-2862-b9c337c218de", "yes_price": 15, "yes_price_dollars": "0.1500"}
{"count": 1, "count_fp": "1.00", "created_time": "2026-02-05T20:57:25.145029Z", "no_price": 47, "no_price_dollars": "0.4700", "price": 0.53, "taker_side": "yes", "ticker": "KXINX-26FEB05H1600-B6812", "trade_id": "e4b3f839-f571-7e21-e1f1-c4ab3ed96d72", "yes_price": 53, "yes_price_dollars": "0.5300"}
{"count": 3, "count_fp": "3.00", "created_time": "2026-02-05T20:57:25.145029Z", "no_price": 47, "no_price_dollars": "0.4700", "price": 0.53, "taker_side": "yes", "ticker": "KXINX-26FEB05H1600-B6812", "trade_id": "0e1cbcc1-0786-752e-e3e9-76da8b1ebc74", "yes_price": 53, "yes_price_dollars": "0.5300"}
{"count": 9, "count_fp": "9.00", "created_time": "2026-02-05T20:57:17.878575Z", "no_price": 47, "no_price_dollars": "0.4700", "price": 0.53, "taker_side": "yes", "ticker": "KXINX-26FEB05H1600-B6812", "trade_id": "ee99a352-872e-692a-7274-0e3ad7a641d0", "yes_price": 53, "yes_price_dollars": "0.5300"}
{"count": 2, "count_fp": "2.00", "created_time": "2026-02-05T20:54:56.845071Z", "no_price": 84, "no_price_dollars": "0.8400", "price": 0.16, "taker_side": "yes", "ticker": "KXINX-26FEB05H1600-B6812", "trade_id": "d2af14b0-2c30-6cd4-dc44-89bd1a8f2c2b", "yes_price": 16, "yes_price_dollars": "0.1600"}
{"count": 3, "count_fp": "3.00", "created_time": "2026-02-05T20:54:48.942436Z", "no_price": 84, "no_price_dollars": "0.8400", "price": 0.16, "taker_side": "yes", "ticker": "KXINX-26FEB05H1600-B6812", "trade_id": "7e8d338e-4f0e-7474-5a99-63f47ab7462d", "yes_price": 16, "yes_price_dollars": "0.1600"}
{"count": 5, "count_fp": "5.00", "created_time": "2026-02-05T20:54:12.29431Z", "no_price": 93, "no_price_dollars": "0.9300", "price": 0.07, "taker_side": "no", "ticker": "KXINX-26FEB05H1600-B6812", "trade_id": "866b2cbf-1e3a-5d9d-2716-54b4b964f61e", "yes_price": 7, "yes_price_dollars": "0.0700"}
{"count": 400, "count_fp": "400.00", "created_time": "2026-02-05T20:51:03.700505Z", "no_price": 84, "no_price_dollars": "0.8400", "price": 0.16, "taker_side": "yes", "ticker": "KXINX-26FEB05H1600-B6812", "trade_id": "2bb949a7-1d23-6d4a-f24b-23c7a4af2556", "yes_price": 16, "yes_price_dollars": "0.1600"}
{"count": 217, "count_fp": "217.00", "created_time": "2026-02-05T20:50:27.770314Z", "no_price": 74, "no_price_dollars": "0.7400", "price": 0.26, "taker_side": "yes", "ticker": "KXINX-26FEB05H1600-B6812", "trade_id": "fc4c0a5b-e6f5-758c-08a4-83ab723eb828", "yes_price": 26, "yes_price_dollars": "0.2600"}
{"count": 15, "count_fp": "15.00", "created_time": "2026-02-05T20:50:26.6207Z", "no_price": 75, "no_price_dollars": "0.7500", "price": 0.25, "taker_side": "no", "ticker": "KXINX-26FEB05H1600-B6812", "trade_id": "623b3568-90b4-7425-9d7e-07d976cb8db6", "yes_price": 25, "yes_price_dollars": "0.2500"}
{"count": 15, "count_fp": "15.00", "created_time": "2026-02-05T20:50:21.281531Z", "no_price": 75, "no_price_dollars": "0.7500", "price": 0.25, "taker_side": "yes", "ticker": "KXINX-26FEB05H1600-B6812", "trade_id": "3dae81b9-545b-76d6-273f-cc20ad1305dd", "yes_price": 25, "yes_price_dollars": "0.2500"}
{"count": 223, "count_fp": "223.00", "created_time": "2026-02-05T20:49:51.932001Z", "no_price": 77, "no_price_dollars": "0.7700", "price": 0.23, "taker_side": "no", "ticker": "KXINX-26FEB05H1600-B6812", "trade_id": "996928c0-6812-6b1f-f55e-9edebf853aea", "yes_price": 23, "yes_price_dollars": "0.2300"}
{"count": 116, "count_fp": "116.00", "created_time": "2026-02-05T20:49:20.111413Z", "no_price": 83, "no_price_dollars": "0.8300", "price": 0.17, "taker_side": "no", "ticker": "KXINX-26FEB05H1600-B6812", "trade_id": "52c196ca-896e-519f-6769-3efb0a6b7c82", "yes_price": 17, "yes_price_dollars": "0.1700"}
{"count": 22, "count_fp": "22.00", "created_time": "2026-02-05T20:48:46.680343Z", "no_price": 86, "no_price_dollars": "0.8600", "price": 0.14, "taker_side": "no", "ticker": "KXINX-26FEB05H1600-B6812", "trade_id": "4e4bac94-5db2-74bb-cce5-42b472193836", "yes_price": 14, "yes_price_dollars": "0.1400"}
{"count": 6, "count_fp": "6.00", "created_time": "2026-02-05T20:48:36.058877Z", "no_price": 84, "no_price_dollars": "0.8400", "price": 0.16, "taker_side": "no", "ticker": "KXINX-26FEB05H1600-B6812", "trade_id": "4c3bd137-d03e-60b3-8644-a6baeb769aa2", "yes_price": 16, "yes_price_dollars": "0.1600"}
{"count": 30, "count_fp": "30.00", "created_time": "2026-02-05T20:48:36.058877Z", "no_price": 84, "no_price_dollars": "0.8400", "price": 0.16, "taker_side": "no", "ticker": "KXINX-26FEB05H1600-B6812", "trade_id": "16d62679-1a60-65f4-96c0-a46050f55b70", "yes_price": 16, "yes_price_dollars": "0.1600"}
{"count": 20, "count_fp": "20.00", "created_time": "2026-02-05T20:48:18.726287Z", "no_price": 81, "no_price_dollars": "0.8100", "price": 0.19, "taker_side": "no", "ticker": "KXINX-26FEB05H1600-B6812", "trade_id": "97222509-e850-65f1-1b7f-48bf0aa874a0", "yes_price": 19, "yes_price_dollars": "0.1900"}
{"count": 20, "count_fp": "20.00", "created_time": "2026-02-05T20:48:11.801612Z", "no_price": 80, "no_price_dollars": "0.8000", "price": 0.2, "taker_side": "yes", "ticker": "KXINX-26FEB05H1600-B6812", "trade_id": "ceca7135-d517-543e-44b3-9f994ce0308e", "yes_price": 20, "yes_price_dollars": "0.2000"}
{"count": 20, "count_fp": "20.00", "created_time": "2026-02-05T20:48:06.720175Z", "no_price": 80, "no_price_dollars": "0.8000", "price": 0.2, "taker_side": "yes", "ticker": "KXINX-26FEB05H1600-B6812", "trade_id": "c1c1932a-7703-4efe-50fb-a4771ffdce7a", "yes_price": 20, "yes_price_dollars": "0.2000"}
{"count": 20, "count_fp": "20.00", "created_time": "2026-02-05T20:47:43.699928Z", "no_price": 80, "no_price_dollars": "0.8000", "price": 0.2, "taker_side": "no", "ticker": "KXINX-26FEB05H1600-B6812", "trade_id": "83b4f817-a8e2-6e5a-1653-81fc4c573742", "yes_price": 20, "yes_price_dollars": "0.2000"}
{"count": 20, "count_fp": "20.00", "created_time": "2026-02-05T20:40:53.6491Z", "no_price": 50, "no_price_dollars": "0.5000", "price": 0.5, "taker_side": "no", "ticker": "KXINX-26FEB05H1600-B6812", "trade_id": "d7168e00-0213-6550-03cf-31e3e038ae7c", "yes_price": 50, "yes_price_dollars": "0.5000"}
{"count": 20, "count_fp": "20.00", "created_time": "2026-02-05T20:40:34.205293Z", "no_price": 50, "no_price_dollars": "0.5000", "price": 0.5, "taker_side": "no", "ticker": "KXINX-26FEB05H1600-B6812", "trade_id": "36a3d678-7598-7bfe-2077-9da5f740d5d1", "yes_price": 50, "yes_price_dollars": "0.5000"}
{"count": 20, "count_fp": "20.00", "created_time": "2026-02-05T20:40:32.691775Z", "no_price": 50, "no_price_dollars": "0.5000", "price": 0.5, "taker_side": "no", "ticker": "KXINX-26FEB05H1600-B6812", "trade_id": "b8410c23-0e50-627a-4836-af7fcf4582ad", "yes_price": 50, "yes_price_dollars": "0.5000"}
{"count": 20, "count_fp": "20.00", "created_time": "2026-02-05T20:40:31.63741Z", "no_price": 51, "no_price_dollars": "0.5100", "price": 0.49, "taker_side": "yes", "ticker": "KXINX-26FEB05H1600-B6812", "trade_id": "26e08a03-d456-5a6c-d8e9-29c7c41415d2", "yes_price": 49, "yes_price_dollars": "0.4900"}
{"count": 20, "count_fp": "20.00", "created_time": "2026-02-05T20:40:29.410583Z", "no_price": 53, "no_price_dollars": "0.5300", "price": 0.47, "taker_side": "yes", "ticker": "KXINX-26FEB05H1600-B6812", "trade_id": "715142d3-fd00-5528-cabf-6890c0ecfbec", "yes_price": 47, "yes_price_dollars": "0.4700"}
{"count": 5, "count_fp": "5.00", "created_time": "2026-02-05T20:40:14.160141Z", "no_price": 58, "no_price_dollars": "0.5800", "price": 0.42, "taker_side": "yes", "ticker": "KXINX-26FEB05H1600-B6812", "trade_id": "8abb2df8-8580-560e-e742-a3792dbe5cdb", "yes_price": 42, "yes_price_dollars": "0.4200"}
{"count": 3, "count_fp": "3.00", "created_time": "2026-02-05T20:38:06.613491Z", "no_price": 67, "no_price_dollars": "0.6700", "price": 0.33, "taker_side": "no", "ticker": "KXINX-26FEB05H1600-B6812", "trade_id": "8241a0d6-8ca8-6072-f549-0a3740660e81", "yes_price": 33, "yes_price_dollars": "0.3300"}
{"count": 5, "count_fp": "5.00", "created_time": "2026-02-05T20:36:06.393814Z", "no_price": 67, "no_price_dollars": "0.6700", "price": 0.33, "taker_side": "no", "ticker": "KXINX-26FEB05H1600-B6812", "trade_id": "3c143025-5ce4-53d2-13cb-99e805e39081", "yes_price": 33, "yes_price_dollars": "0.3300"}
{"count": 5, "count_fp": "5.00", "created_time": "2026-02-05T20:36:05.911833Z", "no_price": 67, "no_price_dollars": "0.6700", "price": 0.33, "taker_side": "no", "ticker": "KXINX-26FEB05H1600-B6812", "trade_id": "340383f7-ebcc-675e-1fe0-69685f5d9bc9", "yes_price": 33, "yes_price_dollars": "0.3300"}
{"count": 50, "count_fp": "50.00", "created_time": "2026-02-05T20:35:51.579428Z", "no_price": 67, "no_price_dollars": "0.6700", "price": 0.33, "taker_side": "no", "ticker": "KXINX-26FEB05H1600-B6812", "trade_id": "d7168283-b9e4-609e-144a-fa2b2d20a5b1", "yes_price": 33, "yes_price_dollars": "0.3300"}
{"count": 3, "count_fp": "3.00", "created_time": "2026-02-05T20:33:35.728086Z", "no_price": 64, "no_price_dollars": "0.6400", "price": 0.36, "taker_side": "no", "ticker": "KXINX-26FEB05H1600-B6812", "trade_id": "1e207c1d-86f3-5c4c-ceb8-35c502033774", "yes_price": 36, "yes_price_dollars": "0.3600"}
{"count": 20, "count_fp": "20.00", "created_time": "2026-02-05T20:32:13.88141Z", "no_price": 64, "no_price_dollars": "0.6400", "price": 0.36, "taker_side": "yes", "ticker": "KXINX-26FEB05H1600-B6812", "trade_id": "030574ac-e5b1-65cb-a35c-a3752470af1d", "yes_price": 36, "yes_price_dollars": "0.3600"}
{"count": 20, "count_fp": "20.00", "created_time": "2026-02-05T20:32:13.060003Z", "no_price": 64, "no_price_dollars": "0.6400", "price": 0.36, "taker_side": "no", "ticker": "KXINX-26FEB05H1600-B6812", "trade_id": "b9661db2-b027-6755-38a2-41b93ff4ee9d", "yes_price": 36, "yes_price_dollars": "0.3600"}
{"count": 20, "count_fp": "20.00", "created_time": "2026-02-05T20:32:11.526406Z", "no_price": 64, "no_price_dollars": "0.6400", "price": 0.36, "taker_side": "yes", "ticker": "KXINX-26FEB05H1600-B6812", "trade_id": "49870138-f251-66a7-eda4-a6eadd464225", "yes_price": 36, "yes_price_dollars": "0.3600"}
{"count": 20, "count_fp": "20.00", "created_time": "2026-02-05T20:32:10.266634Z", "no_price": 64, "no_price_dollars": "0.6400", "price": 0.36, "taker_side": "yes", "ticker": "KXINX-26FEB05H1600-B6812", "trade_id": "07cbbe4d-2969-48b7-8b46-5a83b6a2d9f5", "yes_price": 36, "yes_price_dollars": "0.3600"}
{"count": 20, "count_fp": "20.00", "created_time": "2026-02-05T20:32:09.058374Z", "no_price": 64, "no_price_dollars": "0.6400", "price": 0.36, "taker_side": "yes", "ticker": "KXINX-26FEB05H1600-B6812", "trade_id": "b24ff6a4-1f39-69cf-df3d-ce4c2e8df229", "yes_price": 36, "yes_price_dollars": "0.3600"}
{"count": 20, "count_fp": "20.00", "created_time": "2026-02-05T20:32:07.805617Z", "no_price": 65, "no_price_dollars": "0.6500", "price": 0.35, "taker_side": "yes", "ticker": "KXINX-26FEB05H1600-B6812", "trade_id": "08915fed-29ca-7dc5-263e-25047409a7f5", "yes_price": 35, "yes_price_dollars": "0.3500"}
{"count": 15, "count_fp": "15.00", "created_time": "2026-02-05T20:32:06.594926Z", "no_price": 65, "no_price_dollars": "0.6500", "price": 0.35, "taker_side": "yes", "ticker": "KXINX-26FEB05H1600-B6812", "trade_id": "54ba680c-3861-61bb-9169-2887d813978d", "yes_price": 35, "yes_price_dollars": "0.3500"}
{"count": 5, "count_fp": "5.00", "created_time": "2026-02-05T20:32:06.594926Z", "no_price": 66, "no_price_dollars": "0.6600", "price": 0.34, "taker_side": "yes", "ticker": "KXINX-26FEB05H1600-B6812", "trade_id": "003d0847-417e-6402-befc-15770894b832", "yes_price": 34, "yes_price_dollars": "0.3400"}
{"count": 20, "count_fp": "20.00", "created_time": "2026-02-05T20:32:05.373697Z", "no_price": 65, "no_price_dollars": "0.6500", "price": 0.35, "taker_side": "yes", "ticker": "KXINX-26FEB05H1600-B6812", "trade_id": "cc79070b-1295-5917-cbca-f79bec2c1e29", "yes_price": 35, "yes_price_dollars": "0.3500"}
{"count": 20, "count_fp": "20.00", "created_time": "2026-02-05T20:32:04.122442Z", "no_price": 64, "no_price_dollars": "0.6400", "price": 0.36, "taker_side": "yes", "ticker": "KXINX-26FEB05H1600-B6812", "trade_id": "017db8cc-fa61-6b8b-2504-a6edb65fc595", "yes_price": 36, "yes_price_dollars": "0.3600"}
{"count": 20, "count_fp": "20.00", "created_time": "2026-02-05T20:32:02.7623Z", "no_price": 65, "no_price_dollars": "0.6500", "price": 0.35, "taker_side": "yes", "ticker": "KXINX-26FEB05H1600-B6812", "trade_id": "a5c239ba-8501-6f8b-086e-ff224ecc2cc9", "yes_price": 35, "yes_price_dollars": "0.3500"}
{"count": 20, "count_fp": "20.00", "created_time": "2026-02-05T20:32:01.505872Z", "no_price": 64, "no_price_dollars": "0.6400", "price": 0.36, "taker_side": "yes", "ticker": "KXINX-26FEB05H1600-B6812", "trade_id": "b72c934e-948d-4cab-01f9-fafc9f62e0ed", "yes_price": 36, "yes_price_dollars": "0.3600"}
{"count": 20, "count_fp": "20.00", "created_time": "2026-02-05T20:32:01.071769Z", "no_price": 64, "no_price_dollars": "0.6400", "price": 0.36, "taker_side": "no", "ticker": "KXINX-26FEB05H1600-B6812", "trade_id": "25bdf3d2-beec-6141-2168-1b3c745f0f5d", "yes_price": 36, "yes_price_dollars": "0.3600"}
{"count": 20, "count_fp": "20.00", "created_time": "2026-02-05T20:31:55.913692Z", "no_price": 64, "no_price_dollars": "0.6400", "price": 0.36, "taker_side": "yes", "ticker": "KXINX-26FEB05H1600-B6812", "trade_id": "6d9c1f55-b025-602f-0624-609c64bb7621", "yes_price": 36, "yes_price_dollars": "0.3600"}
{"count": 20, "count_fp": "20.00", "created_time": "2026-02-05T20:31:55.157463Z", "no_price": 64, "no_price_dollars": "0.6400", "price": 0.36, "taker_side": "no", "ticker": "KXINX-26FEB05H1600-B6812", "trade_id": "4ac26d0d-12de-6e8b-2cf4-bf81360a1aa4", "yes_price": 36, "yes_price_dollars": "0.3600"}
{"count": 20, "count_fp": "20.00", "created_time": "2026-02-05T20:31:52.332858Z", "no_price": 64, "no_price_dollars": "0.6400", "price": 0.36, "taker_side": "yes", "ticker": "KXINX-26FEB05H1600-B6812", "trade_id": "438b687e-3d45-40df-0de6-f6b2b4060695", "yes_price": 36, "yes_price_dollars": "0.3600"}
{"count": 20, "count_fp": "20.00", "created_time": "2026-02-05T20:31:51.029439Z", "no_price": 64, "no_price_dollars": "0.6400", "price": 0.36, "taker_side": "yes", "ticker": "KXINX-26FEB05H1600-B6812", "trade_id": "ea2960cf-b6dd-5163-47b7-5fff111519bd", "yes_price": 36, "yes_price_dollars": "0.3600"}
{"count": 20, "count_fp": "20.00", "created_time": "2026-02-05T20:31:49.81916Z", "no_price": 65, "no_price_dollars": "0.6500", "price": 0.35, "taker_side": "yes", "ticker": "KXINX-26FEB05H1600-B6812", "trade_id": "85aafbed-899d-79a7-77a8-a520c3b1aad9", "yes_price": 35, "yes_price_dollars": "0.3500"}
{"count": 20, "count_fp": "20.00", "created_time": "2026-02-05T20:31:48.608046Z", "no_price": 64, "no_price_dollars": "0.6400", "price": 0.36, "taker_side": "yes", "ticker": "KXINX-26FEB05H1600-B6812", "trade_id": "f5d0a1e9-87f5-41db-c523-95e8833525bd", "yes_price": 36, "yes_price_dollars": "0.3600"}
{"count": 20, "count_fp": "20.00", "created_time": "2026-02-05T20:31:47.401631Z", "no_price": 64, "no_price_dollars": "0.6400", "price": 0.36, "taker_side": "yes", "ticker": "KXINX-26FEB05H1600-B6812", "trade_id": "ad6fff4d-b43d-5abb-b3de-dec6db5839b1", "yes_price": 36, "yes_price_dollars": "0.3600"}
{"count": 20, "count_fp": "20.00", "created_time": "2026-02-05T20:31:46.036565Z", "no_price": 65, "no_price_dollars": "0.6500", "price": 0.35, "taker_side": "yes", "ticker": "KXINX-26FEB05H1600-B6812", "trade_id": "4bfb1624-8841-4e07-f2dd-ca950d939445", "yes_price": 35, "yes_price_dollars": "0.3500"}
{"count": 20, "count_fp": "20.00", "created_time": "2026-02-05T20:31:45.028739Z", "no_price": 64, "no_price_dollars": "0.6400", "price": 0.36, "taker_side": "no", "ticker": "KXINX-26FEB05H1600-B6812", "trade_id": "f53de022-86ed-6afd-256f-e18c0f6c8398", "yes_price": 36, "yes_price_dollars": "0.3600"}
{"count": 10, "count_fp": "10.00", "created_time": "2026-02-05T20:30:57.6416Z", "no_price": 55, "no_price_dollars": "0.5500", "price": 0.45, "taker_side": "yes", "ticker": "KXINX-26FEB05H1600-B6812", "trade_id": "669044dd-3231-790f-3110-3507af899a99", "yes_price": 45, "yes_price_dollars": "0.4500"}
{"count": 19, "count_fp": "19.00", "created_time": "2026-02-05T20:30:42.564728Z", "no_price": 60, "no_price_dollars": "0.6000", "price": 0.4, "taker_side": "no", "ticker": "KXINX-26FEB05H1600-B6812", "trade_id": "ff129d31-e50d-7da0-4959-f4cd4937c0d2", "yes_price": 40, "yes_price_dollars": "0.4000"}
{"count": 1, "count_fp": "1.00", "created_time": "2026-02-05T20:30:42.564728Z", "no_price": 61, "no_price_dollars": "0.6100", "price": 0.39, "taker_side": "no", "ticker": "KXINX-26FEB05H1600-B6812", "trade_id": "88cdea2f-d6cc-7726-44e9-e4470d40292d", "yes_price": 39, "yes_price_dollars": "0.3900"}
{"count": 20, "count_fp": "20.00", "created_time": "2026-02-05T20:30:41.191816Z", "no_price": 60, "no_price_dollars": "0.6000", "price": 0.4, "taker_side": "no", "ticker": "KXINX-26FEB05H1600-B6812", "trade_id": "131e701a-b45e-4734-38e5-4825dc664bc2", "yes_price": 40, "yes_price_dollars": "0.4000"}
{"count": 20, "count_fp": "20.00", "created_time": "2026-02-05T20:30:39.77745Z", "no_price": 59, "no_price_dollars": "0.5900", "price": 0.41, "taker_side": "no", "ticker": "KXINX-26FEB05H1600-B6812", "trade_id": "d9b27e19-5174-590a-a25f-f61b4d205e85", "yes_price": 41, "yes_price_dollars": "0.4100"}
{"count": 20, "count_fp": "20.00", "created_time": "2026-02-05T20:30:37.661702Z", "no_price": 61, "no_price_dollars": "0.6100", "price": 0.39, "taker_side": "no", "ticker": "KXINX-26FEB05H1600-B6812", "trade_id": "b295a4ce-e1c0-4d22-2c8c-46afeea44459", "yes_price": 39, "yes_price_dollars": "0.3900"}
{"count": 20, "count_fp": "20.00", "created_time": "2026-02-05T20:30:36.453355Z", "no_price": 61, "no_price_dollars": "0.6100", "price": 0.39, "taker_side": "no", "ticker": "KXINX-26FEB05H1600-B6812", "trade_id": "57c9db65-7edc-70fe-510e-05a82c4d6cc1", "yes_price": 39, "yes_price_dollars": "0.3900"}
{"count": 10, "count_fp": "10.00", "created_time": "2026-02-05T20:30:36.122085Z", "no_price": 61, "no_price_dollars": "0.6100", "price": 0.39, "taker_side": "yes", "ticker": "KXINX-26FEB05H1600-B6812", "trade_id": "a4ade89c-48ab-5eba-d4bb-1d036e642030", "yes_price": 39, "yes_price_dollars": "0.3900"}
{"count": 10, "count_fp": "10.00", "created_time": "2026-02-05T20:29:30.020249Z", "no_price": 61, "no_price_dollars": "0.6100", "price": 0.39, "taker_side": "yes", "ticker": "KXINX-26FEB05H1600-B6812", "trade_id": "12986012-8ff3-690e-11fb-b0668306d67c", "yes_price": 39, "yes_price_dollars": "0.3900"}
{"count": 20, "count_fp": "20.00", "created_time": "2026-02-05T20:27:50.41992Z", "no_price": 61, "no_price_dollars": "0.6100", "price": 0.39, "taker_side": "no", "ticker": "KXINX-26FEB05H1600-B6812", "trade_id": "68a25fcd-df70-4f52-3710-de2c1d8f2a65", "yes_price": 39, "yes_price_dollars": "0.3900"}
{"count": 20, "count_fp": "20.00", "created_time": "2026-02-05T20:27:50.23863Z", "no_price": 61, "no_price_dollars": "0.6100", "price": 0.39, "taker_side": "yes", "ticker": "KXINX-26FEB05H1600-B6812", "trade_id": "62347aa1-837b-532a-cf34-c0d9c8fa97da", "yes_price": 39, "yes_price_dollars": "0.3900"}
{"count": 40, "count_fp": "40.00", "created_time": "2026-02-05T20:27:24.672824Z", "no_price": 59, "no_price_dollars": "0.5900", "price": 0.41, "taker_side": "yes", "ticker": "KXINX-26FEB05H1600-B6812", "trade_id": "b05f6af5-1764-5bff-4b74-9ec60c47b620", "yes_price": 41, "yes_price_dollars": "0.4100"}
{"count": 20, "count_fp": "20.00", "created_time": "2026-02-05T20:27:24.672824Z", "no_price": 61, "no_price_dollars": "0.6100", "price": 0.39, "taker_side": "yes", "ticker": "KXINX-26FEB05H1600-B6812", "trade_id": "902b1e72-0410-571c-7055-15c742ce75f4", "yes_price": 39, "yes_price_dollars": "0.3900"}
{"count": 14, "count_fp": "14.00", "created_time": "2026-02-05T20:23:52.734582Z", "no_price": 64, "no_price_dollars": "0.6400", "price": 0.36, "taker_side": "no", "ticker": "KXINX-26FEB05H1600-B6812", "trade_id": "584cbeea-3d63-4fff-e706-5aa5c44bd14a", "yes_price": 36, "yes_price_dollars": "0.3600"}
{"count": 20, "count_fp": "20.00", "created_time": "2026-02-05T20:23:45.89086Z", "no_price": 63, "no_price_dollars": "0.6300", "price": 0.37, "taker_side": "no", "ticker": "KXINX-26FEB05H1600-B6812", "trade_id": "54364efc-37f3-4025-9d6e-b71ec71b2073", "yes_price": 37, "yes_price_dollars": "0.3700"}
{"count": 12, "count_fp": "12.00", "created_time": "2026-02-05T20:20:56.612234Z", "no_price": 55, "no_price_dollars": "0.5500", "price": 0.45, "taker_side": "yes", "ticker": "KXINX-26FEB05H1600-B6812", "trade_id": "ff4745db-e043-614c-3449-7956a6a0b29d", "yes_price": 45, "yes_price_dollars": "0.4500"}
{"count": 77, "count_fp": "77.00", "created_time": "2026-02-05T20:20:56.612234Z", "no_price": 55, "no_price_dollars": "0.5500", "price": 0.45, "taker_side": "yes", "ticker": "KXINX-26FEB05H1600-B6812", "trade_id": "8ad01c9b-d8d5-6d9f-07c3-de399ef9b299", "yes_price": 45, "yes_price_dollars": "0.4500"}
{"count": 20, "count_fp": "20.00", "created_time": "2026-02-05T20:20:56.612234Z", "no_price": 56, "no_price_dollars": "0.5600", "price": 0.44, "taker_side": "yes", "ticker": "KXINX-26FEB05H1600-B6812", "trade_id": "6be78e0d-921b-68ca-3d9a-5ce51bed2d94", "yes_price": 44, "yes_price_dollars": "0.4400"}
{"count": 11, "count_fp": "11.00", "created_time": "2026-02-05T20:18:34.55687Z", "no_price": 56, "no_price_dollars": "0.5600", "price": 0.44, "taker_side": "yes", "ticker": "KXINX-26FEB05H1600-B6812", "trade_id": "55a57370-aeb1-5a17-f3df-0a37c5419461", "yes_price": 44, "yes_price_dollars": "0.4400"}
{"count": 2, "count_fp": "2.00", "created_time": "2026-02-05T20:16:02.135418Z", "no_price": 60, "no_price_dollars": "0.6000", "price": 0.4, "taker_side": "no", "ticker": "KXINX-26FEB05H1600-B6812", "trade_id": "be0c8f7b-f20c-5fdd-950f-779d3c88629c", "yes_price": 40, "yes_price_dollars": "0.4000"}
{"count": 20, "count_fp": "20.00", "created_time": "2026-02-05T20:16:00.444237Z", "no_price": 60, "no_price_dollars": "0.6000", "price": 0.4, "taker_side": "no", "ticker": "KXINX-26FEB05H1600-B6812", "trade_id": "cf6b309f-b189-59fe-cedf-74e45e5f546f", "yes_price": 40, "yes_price_dollars": "0.4000"}
{"count": 20, "count_fp": "20.00", "created_time": "2026-02-05T20:15:59.228706Z", "no_price": 60, "no_price_dollars": "0.6000", "price": 0.4, "taker_side": "no", "ticker": "KXINX-26FEB05H1600-B6812", "trade_id": "9fecf553-a056-7d49-2f9e-ba138beca7c8", "yes_price": 40, "yes_price_dollars": "0.4000"}
{"count": 20, "count_fp": "20.00", "created_time": "2026-02-05T20:15:58.008204Z", "no_price": 61, "no_price_dollars": "0.6100", "price": 0.39, "taker_side": "no", "ticker": "KXINX-26FEB05H1600-B6812", "trade_id": "9511191d-2e3c-7898-2df4-38c506ae7efb", "yes_price": 39, "yes_price_dollars": "0.3900"}
{"count": 20, "count_fp": "20.00", "created_time": "2026-02-05T20:15:56.790375Z", "no_price": 61, "no_price_dollars": "0.6100", "price": 0.39, "taker_side": "no", "ticker": "KXINX-26FEB05H1600-B6812", "trade_id": "121e4459-f100-64cc-4d6d-9152c1b01947", "yes_price": 39, "yes_price_dollars": "0.3900"}
{"count": 20, "count_fp": "20.00", "created_time": "2026-02-05T20:09:40.811129Z", "no_price": 67, "no_price_dollars": "0.6700", "price": 0.33, "taker_side": "yes", "ticker": "KXINX-26FEB05H1600-B6812", "trade_id": "d32b7c8c-2550-7166-09c8-ca0d20613ff0", "yes_price": 33, "yes_price_dollars": "0.3300"}
{"count": 36, "count_fp": "36.00", "created_time": "2026-02-05T20:09:40.811129Z", "no_price": 65, "no_price_dollars": "0.6500", "price": 0.35, "taker_side": "yes", "ticker": "KXINX-26FEB05H1600-B6812", "trade_id": "8948cc94-3053-717f-252f-67b2970cb38a", "yes_price": 35, "yes_price_dollars": "0.3500"}
{"count": 1, "count_fp": "1.00", "created_time": "2026-02-05T20:09:27.101034Z", "no_price": 67, "no_price_dollars": "0.6700", "price": 0.33, "taker_side": "no", "ticker": "KXINX-26FEB05H1600-B6812", "trade_id": "48e789fb-f066-5594-b73c-255368421c5c", "yes_price": 33, "yes_price_dollars": "0.3300"}
{"count": 1, "count_fp": "1.00", "created_time": "2026-02-05T20:09:02.850771Z", "no_price": 64, "no_price_dollars": "0.6400", "price": 0.36, "taker_side": "no", "ticker": "KXINX-26FEB05H1600-B6812", "trade_id": "bb19220e-d6dd-5857-0f48-7d9ac501b6ea", "yes_price": 36, "yes_price_dollars": "0.3600"}
{"count": 22, "count_fp": "22.00", "created_time": "2026-02-05T20:02:06.28109Z", "no_price": 57, "no_price_dollars": "0.5700", "price": 0.43, "taker_side": "yes", "ticker": "KXINX-26FEB05H1600-B6812", "trade_id": "a3d6935f-ee53-7b1b-f52e-613c5c931936", "yes_price": 43, "yes_price_dollars": "0.4300"}
{"count": 20, "count_fp": "20.00", "created_time": "2026-02-05T19:53:44.748753Z", "no_price": 63, "no_price_dollars": "0.6300", "price": 0.37, "taker_side": "no", "ticker": "KXINX-26FEB05H1600-B6812", "trade_id": "fa1d397f-8580-61a1-0aeb-14effbd4faf1", "yes_price": 37, "yes_price_dollars": "0.3700"}
{"count": 14, "count_fp": "14.00", "created_time": "2026-02-05T19:53:44.748753Z", "no_price": 64, "no_price_dollars": "0.6400", "price": 0.36, "taker_side": "no", "ticker": "KXINX-26FEB05H1600-B6812", "trade_id": "b6c4e328-6804-68a6-346e-80b61649e1f2", "yes_price": 36, "yes_price_dollars": "0.3600"}
{"count": 43, "count_fp": "43.00", "created_time": "2026-02-05T19:53:44.748753Z", "no_price": 64, "no_price_dollars": "0.6400", "price": 0.36, "taker_side": "no", "ticker": "KXINX-26FEB05H1600-B6812", "trade_id": "90051c1a-5c4d-62f1-391c-480560dc2703", "yes_price": 36, "yes_price_dollars": "0.3600"}
{"count": 15, "count_fp": "15.00", "created_time": "2026-02-05T19:50:05.602783Z", "no_price": 60, "no_price_dollars": "0.6000", "price": 0.4, "taker_side": "yes", "ticker": "KXINX-26FEB05H1600-B6812", "trade_id": "96d17a41-f742-44bf-8774-dcc297e8bdb1", "yes_price": 40, "yes_price_dollars": "0.4000"}
{"count": 12, "count_fp": "12.00", "created_time": "2026-02-05T19:38:04.296875Z", "no_price": 63, "no_price_dollars": "0.6300", "price": 0.37, "taker_side": "yes", "ticker": "KXINX-26FEB05H1600-B6812", "trade_id": "dd7ddd40-14b3-4dbf-faad-70a21556e8c2", "yes_price": 37, "yes_price_dollars": "0.3700"}
{"count": 3, "count_fp": "3.00", "created_time": "2026-02-05T19:38:04.296875Z", "no_price": 63, "no_price_dollars": "0.6300", "price": 0.37, "taker_side": "yes", "ticker": "KXINX-26FEB05H1600-B6812", "trade_id": "c3c9f627-0e47-4b09-e25e-8f8f141b63c0", "yes_price": 37, "yes_price_dollars": "0.3700"}
{"count": 20, "count_fp": "20.00", "created_time": "2026-02-05T19:30:12.78791Z", "no_price": 68, "no_price_dollars": "0.6800", "price": 0.32, "taker_side": "no", "ticker": "KXINX-26FEB05H1600-B6812", "trade_id": "142b0857-be61-7f15-fef7-2e9cc5b73367", "yes_price": 32, "yes_price_dollars": "0.3200"}
{"count": 20, "count_fp": "20.00", "created_time": "2026-02-05T19:30:07.103082Z", "no_price": 70, "no_price_dollars": "0.7000", "price": 0.3, "taker_side": "yes", "ticker": "KXINX-26FEB05H1600-B6812", "trade_id": "a30af9b7-8c49-5a34-178d-dc1aab5aac7d", "yes_price": 30, "yes_price_dollars": "0.3000"}
{"count": 36, "count_fp": "36.00", "created_time": "2026-02-05T19:21:41.798531Z", "no_price": 73, "no_price_dollars": "0.7300", "price": 0.27, "taker_side": "yes", "ticker": "KXINX-26FEB05H1600-B6812", "trade_id": "22d7d3fa-b926-6357-146c-360cbfe88199", "yes_price": 27, "yes_price_dollars": "0.2700"}
{"count": 13, "count_fp": "13.00", "created_time": "2026-02-05T19:12:43.269797Z", "no_price": 72, "no_price_dollars": "0.7200", "price": 0.28, "taker_side": "no", "ticker": "KXINX-26FEB05H1600-B6812", "trade_id": "77460116-89bb-6983-9724-715b124b3b9c", "yes_price": 28, "yes_price_dollars": "0.2800"}
{"count": 20, "count_fp": "20.00", "created_time": "2026-02-05T19:12:23.856226Z", "no_price": 69, "no_price_dollars": "0.6900", "price": 0.31, "taker_side": "no", "ticker": "KXINX-26FEB05H1600-B6812", "trade_id": "2b605d3b-cfab-69c2-b506-8663de9ee9f4", "yes_price": 31, "yes_price_dollars": "0.3100"}
{"count": 20, "count_fp": "20.00", "created_time": "2026-02-05T19:11:32.768178Z", "no_price": 71, "no_price_dollars": "0.7100", "price": 0.29, "taker_side": "no", "ticker": "KXINX-26FEB05H1600-B6812", "trade_id": "d6eef0c7-9770-7877-9603-b1b7d36bec90", "yes_price": 29, "yes_price_dollars": "0.2900"}
{"count": 23, "count_fp": "23.00", "created_time": "2026-02-05T19:10:26.974153Z", "no_price": 65, "no_price_dollars": "0.6500", "price": 0.35, "taker_side": "yes", "ticker": "KXINX-26FEB05H1600-B6812", "trade_id": "8c2d9c7c-f7b2-471f-ef57-f4bd488235d9", "yes_price": 35, "yes_price_dollars": "0.3500"}
{"count": 20, "count_fp": "20.00", "created_time": "2026-02-05T19:10:26.974153Z", "no_price": 67, "no_price_dollars": "0.6700", "price": 0.33, "taker_side": "yes", "ticker": "KXINX-26FEB05H1600-B6812", "trade_id": "2061431b-990f-4953-eec2-4f1bf684ba7a", "yes_price": 33, "yes_price_dollars": "0.3300"}
{"count": 9, "count_fp": "9.00", "created_time": "2026-02-05T18:52:05.994733Z", "no_price": 69, "no_price_dollars": "0.6900", "price": 0.31, "taker_side": "yes", "ticker": "KXINX-26FEB05H1600-B6812", "trade_id": "97e197b2-e910-7e65-d389-e7d13a1b7695", "yes_price": 31, "yes_price_dollars": "0.3100"}
{"count": 9, "count_fp": "9.00", "created_time": "2026-02-05T18:52:05.526814Z", "no_price": 69, "no_price_dollars": "0.6900", "price": 0.31, "taker_side": "yes", "ticker": "KXINX-26FEB05H1600-B6812", "trade_id": "dfd4aab2-b030-49a5-c41e-7cc538f24d8d", "yes_price": 31, "yes_price_dollars": "0.3100"}
{"count": 88, "count_fp": "88.00", "created_time": "2026-02-05T18:51:16.444713Z", "no_price": 76, "no_price_dollars": "0.7600", "price": 0.24, "taker_side": "yes", "ticker": "KXINX-26FEB05H1600-B6812", "trade_id": "506a962d-5385-5e12-4c13-c7d15d4bc42d", "yes_price": 24, "yes_price_dollars": "0.2400"}
{"count": 10, "count_fp": "10.00", "created_time": "2026-02-05T18:51:16.417491Z", "no_price": 76, "no_price_dollars": "0.7600", "price": 0.24, "taker_side": "no", "ticker": "KXINX-26FEB05H1600-B6812", "trade_id": "9f83aec1-5e53-4c2c-3de0-385fc1b9cc1a", "yes_price": 24, "yes_price_dollars": "0.2400"}
{"count": 10, "count_fp": "10.00", "created_time": "2026-02-05T18:50:57.948677Z", "no_price": 73, "no_price_dollars": "0.7300", "price": 0.27, "taker_side": "no", "ticker": "KXINX-26FEB05H1600-B6812", "trade_id": "2ea0d6ab-9b33-434b-2e28-cd2660996cc4", "yes_price": 27, "yes_price_dollars": "0.2700"}
{"count": 12, "count_fp": "12.00", "created_time": "2026-02-05T18:47:22.820612Z", "no_price": 69, "no_price_dollars": "0.6900", "price": 0.31, "taker_side": "no", "ticker": "KXINX-26FEB05H1600-B6812", "trade_id": "5d40ed0b-e495-7264-9145-0b45343bf0f1", "yes_price": 31, "yes_price_dollars": "0.3100"}
{"count": 12, "count_fp": "12.00", "created_time": "2026-02-05T18:46:05.081384Z", "no_price": 69, "no_price_dollars": "0.6900", "price": 0.31, "taker_side": "yes", "ticker": "KXINX-26FEB05H1600-B6812", "trade_id": "a515d845-0602-7dbb-5be0-f8b0406e8ea1", "yes_price": 31, "yes_price_dollars": "0.3100"}
{"count": 52, "count_fp": "52.00", "created_time": "2026-02-05T18:46:03.501425Z", "no_price": 73, "no_price_dollars": "0.7300", "price": 0.27, "taker_side": "no", "ticker": "KXINX-26FEB05H1600-B6812", "trade_id": "1fe51a2f-47e1-7ae5-750a-7059c645cdb7", "yes_price": 27, "yes_price_dollars": "0.2700"}
{"count": 108, "count_fp": "108.00", "created_time": "2026-02-05T18:22:01.959885Z", "no_price": 76, "no_price_dollars": "0.7600", "price": 0.24, "taker_side": "yes", "ticker": "KXINX-26FEB05H1600-B6812", "trade_id": "957f549c-2bdb-4271-dc29-b5da15755e2f", "yes_price": 24, "yes_price_dollars": "0.2400"}
{"count": 10, "count_fp": "10.00", "created_time": "2026-02-05T18:02:41.832581Z", "no_price": 78, "no_price_dollars": "0.7800", "price": 0.22, "taker_side": "yes", "ticker": "KXINX-26FEB05H1600-B6812", "trade_id": "44f918c8-9419-5b8d-6ff3-57cf3d3b3a94", "yes_price": 22, "yes_price_dollars": "0.2200"}
{"count": 416, "count_fp": "416.00", "created_time": "2026-02-05T18:02:41.43981Z", "no_price": 78, "no_price_dollars": "0.7800", "price": 0.22, "taker_side": "yes", "ticker": "KXINX-26FEB05H1600-B6812", "trade_id": "5c6866cb-2e15-798d-e49d-d5c7e90ea374", "yes_price": 22, "yes_price_dollars": "0.2200"}
{"count": 3, "count_fp": "3.00", "created_time": "2026-02-05T17:50:05.969928Z", "no_price": 77, "no_price_dollars": "0.7700", "price": 0.23, "taker_side": "yes", "ticker": "KXINX-26FEB05H1600-B6812", "trade_id": "0764611d-5b61-7705-3173-b764f1db729c", "yes_price": 23, "yes_price_dollars": "0.2300"}
{"count": 44, "count_fp": "44.00", "created_time": "2026-02-05T20:59:30.685663Z", "no_price": 15, "no_price_dollars": "0.1500", "price": 0.85, "taker_side": "yes", "ticker": "KXINX-26FEB05H1600-B6787", "trade_id": "9dfbcde8-dd8d-4cca-db2c-988409bfaf4f", "yes_price": 85, "yes_price_dollars": "0.8500"}
{"count": 71, "count_fp": "71.00", "created_time": "2026-02-05T20:59:30.685663Z", "no_price": 16, "no_price_dollars": "0.1600", "price": 0.84, "taker_side": "yes", "ticker": "KXINX-26FEB05H1600-B6787", "trade_id": "4486454e-141f-4636-c0f2-c9e89261a979", "yes_price": 84, "yes_price_dollars": "0.8400"}
{"count": 16, "count_fp": "16.00", "created_time": "2026-02-05T20:55:11.959367Z", "no_price": 23, "no_price_dollars": "0.2300", "price": 0.77, "taker_side": "yes", "ticker": "KXINX-26FEB05H1600-B6787", "trade_id": "0c8f61c9-90dc-570d-256a-8063580c7717", "yes_price": 77, "yes_price_dollars": "0.7700"}
{"count": 21, "count_fp": "21.00", "created_time": "2026-02-05T20:54:46.53068Z", "no_price": 16, "no_price_dollars": "0.1600", "price": 0.84, "taker_side": "no", "ticker": "KXINX-26FEB05H1600-B6787", "trade_id": "0632b4aa-7c50-5857-6bf5-ff270840f557", "yes_price": 84, "yes_price_dollars": "0.8400"}
{"count": 12, "count_fp": "12.00", "created_time": "2026-02-05T20:53:09.47064Z", "no_price": 19, "no_price_dollars": "0.1900", "price": 0.81, "taker_side": "yes", "ticker": "KXINX-26FEB05H1600-B6787", "trade_id": "18cdde68-ac81-56ea-3ed4-206d0f6a1298", "yes_price": 81, "yes_price_dollars": "0.8100"}
{"count": 1, "count_fp": "1.00", "created_time": "2026-02-05T20:51:27.744839Z", "no_price": 24, "no_price_dollars": "0.2400", "price": 0.76, "taker_side": "yes", "ticker": "KXINX-26FEB05H1600-B6787", "trade_id": "183b95d8-f63b-5fe5-0633-65dc73e6039a", "yes_price": 76, "yes_price_dollars": "0.7600"}
{"count": 222, "count_fp": "222.00", "created_time": "2026-02-05T20:50:47.347811Z", "no_price": 28, "no_price_dollars": "0.2800", "price": 0.72, "taker_side": "no", "ticker": "KXINX-26FEB05H1600-B6787", "trade_id": "d598ca7f-56b9-7111-39a5-b27002b1205f", "yes_price": 72, "yes_price_dollars": "0.7200"}
{"count": 6, "count_fp": "6.00", "created_time": "2026-02-05T20:50:36.868803Z", "no_price": 31, "no_price_dollars": "0.3100", "price": 0.69, "taker_side": "yes", "ticker": "KXINX-26FEB05H1600-B6787", "trade_id": "83d92e0c-ebdf-51b9-124e-0745c67e5cfe", "yes_price": 69, "yes_price_dollars": "0.6900"}
{"count": 19, "count_fp": "19.00", "created_time": "2026-02-05T20:48:09.567192Z", "no_price": 38, "no_price_dollars": "0.3800", "price": 0.62, "taker_side": "no", "ticker": "KXINX-26FEB05H1600-B6787", "trade_id": "8262b784-8c28-5d47-ced1-f9863d233a7f", "yes_price": 62, "yes_price_dollars": "0.6200"}
{"count": 33, "count_fp": "33.00", "created_time": "2026-02-05T20:48:09.567192Z", "no_price": 38, "no_price_dollars": "0.3800", "price": 0.62, "taker_side": "no", "ticker": "KXINX-26FEB05H1600-B6787", "trade_id": "0ba4a590-3db9-55f5-eaee-ce8487b46343", "yes_price": 62, "yes_price_dollars": "0.6200"}
{"count": 5, "count_fp": "5.00", "created_time": "2026-02-05T20:47:35.970031Z", "no_price": 34, "no_price_dollars": "0.3400", "price": 0.66, "taker_side": "yes", "ticker": "KXINX-26FEB05H1600-B6787", "trade_id": "9247f692-f8ca-4dac-e5f8-508ec833cffe", "yes_price": 66, "yes_price_dollars": "0.6600"}
{"count": 6, "count_fp": "6.00", "created_time": "2026-02-05T20:47:35.970031Z", "no_price": 35, "no_price_dollars": "0.3500", "price": 0.65, "taker_side": "yes", "ticker": "KXINX-26FEB05H1600-B6787", "trade_id": "5cbbbf77-c0aa-4d5f-e279-711459a8d79a", "yes_price": 65, "yes_price_dollars": "0.6500"}
{"count": 12, "count_fp": "12.00", "created_time": "2026-02-05T20:44:55.552172Z", "no_price": 47, "no_price_dollars": "0.4700", "price": 0.53, "taker_side": "yes", "ticker": "KXINX-26FEB05H1600-B6787", "trade_id": "78ed3030-411c-5210-6cba-7d1789f6316c", "yes_price": 53, "yes_price_dollars": "0.5300"}
{"count": 12, "count_fp": "12.00", "created_time": "2026-02-05T20:44:15.57229Z", "no_price": 90, "no_price_dollars": "0.9000", "price": 0.1, "taker_side": "no", "ticker": "KXINX-26FEB05H1600-B6787", "trade_id": "a8638a67-a5f9-41ad-68c9-c199bb7233d3", "yes_price": 10, "yes_price_dollars": "0.1000"}
{"count": 20, "count_fp": "20.00", "created_time": "2026-02-05T20:41:16.986739Z", "no_price": 59, "no_price_dollars": "0.5900", "price": 0.41, "taker_side": "no", "ticker": "KXINX-26FEB05H1600-B6787", "trade_id": "9dea611e-e984-5225-3fd9-451d90955ce1", "yes_price": 41, "yes_price_dollars": "0.4100"}
{"count": 20, "count_fp": "20.00", "created_time": "2026-02-05T20:41:15.909314Z", "no_price": 59, "no_price_dollars": "0.5900", "price": 0.41, "taker_side": "no", "ticker": "KXINX-26FEB05H1600-B6787", "trade_id": "356ba793-e2f8-6d61-7740-3ba7ee552745", "yes_price": 41, "yes_price_dollars": "0.4100"}
{"count": 20, "count_fp": "20.00", "created_time": "2026-02-05T20:41:14.851802Z", "no_price": 59, "no_price_dollars": "0.5900", "price": 0.41, "taker_side": "no", "ticker": "KXINX-26FEB05H1600-B6787", "trade_id": "80083c0f-6464-72a9-e25c-3a2de55741cd", "yes_price": 41, "yes_price_dollars": "0.4100"}
{"count": 20, "count_fp": "20.00", "created_time": "2026-02-05T20:41:14.400182Z", "no_price": 59, "no_price_dollars": "0.5900", "price": 0.41, "taker_side": "yes", "ticker": "KXINX-26FEB05H1600-B6787", "trade_id": "e0904964-8f6d-613b-1434-fe2707bc0a45", "yes_price": 41, "yes_price_dollars": "0.4100"}
{"count": 20, "count_fp": "20.00", "created_time": "2026-02-05T20:41:12.19403Z", "no_price": 68, "no_price_dollars": "0.6800", "price": 0.32, "taker_side": "no", "ticker": "KXINX-26FEB05H1600-B6787", "trade_id": "d0e899ea-89c0-716c-a99c-e6665116f0b7", "yes_price": 32, "yes_price_dollars": "0.3200"}
{"count": 20, "count_fp": "20.00", "created_time": "2026-02-05T20:41:12.19403Z", "no_price": 62, "no_price_dollars": "0.6200", "price": 0.38, "taker_side": "no", "ticker": "KXINX-26FEB05H1600-B6787", "trade_id": "996bc926-9d92-7523-ab3d-c044e3509052", "yes_price": 38, "yes_price_dollars": "0.3800"}
{"count": 20, "count_fp": "20.00", "created_time": "2026-02-05T20:40:53.649086Z", "no_price": 62, "no_price_dollars": "0.6200", "price": 0.38, "taker_side": "yes", "ticker": "KXINX-26FEB05H1600-B6787", "trade_id": "8709d48a-86a2-7dbe-b546-431607e74d87", "yes_price": 38, "yes_price_dollars": "0.3800"}
{"count": 20, "count_fp": "20.00", "created_time": "2026-02-05T20:40:33.970272Z", "no_price": 63, "no_price_dollars": "0.6300", "price": 0.37, "taker_side": "yes", "ticker": "KXINX-26FEB05H1600-B6787", "trade_id": "b34c0ee9-c51d-6f0a-3436-325402bea207", "yes_price": 37, "yes_price_dollars": "0.3700"}
{"count": 20, "count_fp": "20.00", "created_time": "2026-02-05T20:40:31.944316Z", "no_price": 63, "no_price_dollars": "0.6300", "price": 0.37, "taker_side": "yes", "ticker": "KXINX-26FEB05H1600-B6787", "trade_id": "28ec691c-9911-6346-bd3a-54e5e1ab491b", "yes_price": 37, "yes_price_dollars": "0.3700"}
{"count": 20, "count_fp": "20.00", "created_time": "2026-02-05T20:40:31.647914Z", "no_price": 62, "no_price_dollars": "0.6200", "price": 0.38, "taker_side": "no", "ticker": "KXINX-26FEB05H1600-B6787", "trade_id": "97bcf085-4915-6097-9ab4-4546b21c6b9d", "yes_price": 38, "yes_price_dollars": "0.3800"}
{"count": 20, "count_fp": "20.00", "created_time": "2026-02-05T20:40:28.964185Z", "no_price": 59, "no_price_dollars": "0.5900", "price": 0.41, "taker_side": "no", "ticker": "KXINX-26FEB05H1600-B6787", "trade_id": "84592152-ca0a-6f0b-b7f7-7b01e025c8e4", "yes_price": 41, "yes_price_dollars": "0.4100"}
{"count": 440, "count_fp": "440.00", "created_time": "2026-02-05T20:40:17.856268Z", "no_price": 55, "no_price_dollars": "0.5500", "price": 0.45, "taker_side": "no", "ticker": "KXINX-26FEB05H1600-B6787", "trade_id": "dd56fa70-1c9f-66bb-a788-7ea7873e8dd3", "yes_price": 45, "yes_price_dollars": "0.4500"}
{"count": 20, "count_fp": "20.00", "created_time": "2026-02-05T20:40:16.091158Z", "no_price": 55, "no_price_dollars": "0.5500", "price": 0.45, "taker_side": "no", "ticker": "KXINX-26FEB05H1600-B6787", "trade_id": "d2137b66-df2f-5e8f-eb24-5a83e281a2b3", "yes_price": 45, "yes_price_dollars": "0.4500"}
{"count": 10, "count_fp": "10.00", "created_time": "2026-02-05T20:40:11.956238Z", "no_price": 54, "no_price_dollars": "0.5400", "price": 0.46, "taker_side": "yes", "ticker": "KXINX-26FEB05H1600-B6787", "trade_id": "4d060dba-2fdd-52cb-ef90-76b1cda6aa9b", "yes_price": 46, "yes_price_dollars": "0.4600"}
{"count": 20, "count_fp": "20.00", "created_time": "2026-02-05T20:40:09.054327Z", "no_price": 55, "no_price_dollars": "0.5500", "price": 0.45, "taker_side": "no", "ticker": "KXINX-26FEB05H1600-B6787", "trade_id": "26d451f6-d537-5a37-759b-2168822fdd53", "yes_price": 45, "yes_price_dollars": "0.4500"}
{"count": 20, "count_fp": "20.00", "created_time": "2026-02-05T20:40:04.340739Z", "no_price": 55, "no_price_dollars": "0.5500", "price": 0.45, "taker_side": "no", "ticker": "KXINX-26FEB05H1600-B6787", "trade_id": "1441bb9f-6e6f-518b-5408-6f4d19d2a39b", "yes_price": 45, "yes_price_dollars": "0.4500"}
{"count": 18, "count_fp": "18.00", "created_time": "2026-02-05T20:39:57.009207Z", "no_price": 53, "no_price_dollars": "0.5300", "price": 0.47, "taker_side": "no", "ticker": "KXINX-26FEB05H1600-B6787", "trade_id": "5abf1325-2cee-4fb1-653d-ce0f08bca028", "yes_price": 47, "yes_price_dollars": "0.4700"}
{"count": 20, "count_fp": "20.00", "created_time": "2026-02-05T20:37:44.161718Z", "no_price": 56, "no_price_dollars": "0.5600", "price": 0.44, "taker_side": "yes", "ticker": "KXINX-26FEB05H1600-B6787", "trade_id": "d58f5050-bbd3-630b-6fde-8b1f7a7e78bb", "yes_price": 44, "yes_price_dollars": "0.4400"}
{"count": 186, "count_fp": "186.00", "created_time": "2026-02-05T20:37:33.043745Z", "no_price": 53, "no_price_dollars": "0.5300", "price": 0.47, "taker_side": "yes", "ticker": "KXINX-26FEB05H1600-B6787", "trade_id": "78996e5c-86e1-782a-f5a6-8e272dd731e7", "yes_price": 47, "yes_price_dollars": "0.4700"}
{"count": 26, "count_fp": "26.00", "created_time": "2026-02-05T20:37:33.043745Z", "no_price": 54, "no_price_dollars": "0.5400", "price": 0.46, "taker_side": "yes", "ticker": "KXINX-26FEB05H1600-B6787", "trade_id": "4216f694-b66d-735e-ce7a-9026c7764b0f", "yes_price": 46, "yes_price_dollars": "0.4600"}
{"count": 20, "count_fp": "20.00", "created_time": "2026-02-05T20:37:33.043745Z", "no_price": 56, "no_price_dollars": "0.5600", "price": 0.44, "taker_side": "yes", "ticker": "KXINX-26FEB05H1600-B6787", "trade_id": "2f73b240-3ed9-7247-e70f-0772dd07b6cd", "yes_price": 44, "yes_price_dollars": "0.4400"}
{"count": 14, "count_fp": "14.00", "created_time": "2026-02-05T20:33:11.806323Z", "no_price": 56, "no_price_dollars": "0.5600", "price": 0.44, "taker_side": "no", "ticker": "KXINX-26FEB05H1600-B6787", "trade_id": "1d3c86cd-680e-6d3f-927a-d69f52bc6a8a", "yes_price": 44, "yes_price_dollars": "0.4400"}
{"count": 61, "count_fp": "61.00", "created_time": "2026-02-05T20:31:56.080644Z", "no_price": 52, "no_price_dollars": "0.5200", "price": 0.48, "taker_side": "yes", "ticker": "KXINX-26FEB05H1600-B6787", "trade_id": "b5591918-0b01-7eee-7166-28c2368ebd73", "yes_price": 48, "yes_price_dollars": "0.4800"}
{"count": 12, "count_fp": "12.00", "created_time": "2026-02-05T20:31:40.994946Z", "no_price": 55, "no_price_dollars": "0.5500", "price": 0.45, "taker_side": "yes", "ticker": "KXINX-26FEB05H1600-B6787", "trade_id": "f642bb78-dd1f-5131-b4fa-8b4ce85fe936", "yes_price": 45, "yes_price_dollars": "0.4500"}
{"count": 92, "count_fp": "92.00", "created_time": "2026-02-05T20:31:40.994946Z", "no_price": 53, "no_price_dollars": "0.5300", "price": 0.47, "taker_side": "yes", "ticker": "KXINX-26FEB05H1600-B6787", "trade_id": "22bff23c-24d9-5582-807d-4093e10840af", "yes_price": 47, "yes_price_dollars": "0.4700"}
{"count": 12, "count_fp": "12.00", "created_time": "2026-02-05T20:27:52.68469Z", "no_price": 59, "no_price_dollars": "0.5900", "price": 0.41, "taker_side": "yes", "ticker": "KXINX-26FEB05H1600-B6787", "trade_id": "fe1b3b17-cad9-6e6e-1ef4-8ffb143b407b", "yes_price": 41, "yes_price_dollars": "0.4100"}
{"count": 12, "count_fp": "12.00", "created_time": "2026-02-05T20:25:23.148811Z", "no_price": 61, "no_price_dollars": "0.6100", "price": 0.39, "taker_side": "yes", "ticker": "KXINX-26FEB05H1600-B6787", "trade_id": "aaacb12d-01de-4966-8393-3a8cee07a283", "yes_price": 39, "yes_price_dollars": "0.3900"}
{"count": 14, "count_fp": "14.00", "created_time": "2026-02-05T20:23:52.736707Z", "no_price": 62, "no_price_dollars": "0.6200", "price": 0.38, "taker_side": "no", "ticker": "KXINX-26FEB05H1600-B6787", "trade_id": "8bd5d40f-ddb5-6b66-c875-a577b07cd2f9", "yes_price": 38, "yes_price_dollars": "0.3800"}
{"count": 12, "count_fp": "12.00", "created_time": "2026-02-05T20:23:45.890799Z", "no_price": 63, "no_price_dollars": "0.6300", "price": 0.37, "taker_side": "no", "ticker": "KXINX-26FEB05H1600-B6787", "trade_id": "f91c0788-c167-7c51-a0eb-dfd774597d9a", "yes_price": 37, "yes_price_dollars": "0.3700"}
{"count": 8, "count_fp": "8.00", "created_time": "2026-02-05T20:23:45.890799Z", "no_price": 63, "no_price_dollars": "0.6300", "price": 0.37, "taker_side": "no", "ticker": "KXINX-26FEB05H1600-B6787", "trade_id": "9c1c9f6c-3c0e-796e-9874-2fda4bef6896", "yes_price": 37, "yes_price_dollars": "0.3700"}
{"count": 12, "count_fp": "12.00", "created_time": "2026-02-05T20:23:45.550225Z", "no_price": 63, "no_price_dollars": "0.6300", "price": 0.37, "taker_side": "yes", "ticker": "KXINX-26FEB05H1600-B6787", "trade_id": "eaac7c5a-f0d0-4691-19de-d705f15f9c7a", "yes_price": 37, "yes_price_dollars": "0.3700"}
{"count": 13, "count_fp": "13.00", "created_time": "2026-02-05T20:22:14.707622Z", "no_price": 69, "no_price_dollars": "0.6900", "price": 0.31, "taker_side": "no", "ticker": "KXINX-26FEB05H1600-B6787", "trade_id": "5b953a0e-5197-6d95-ac13-d14801cb18ac", "yes_price": 31, "yes_price_dollars": "0.3100"}
{"count": 20, "count_fp": "20.00", "created_time": "2026-02-05T20:21:11.251817Z", "no_price": 70, "no_price_dollars": "0.7000", "price": 0.3, "taker_side": "no", "ticker": "KXINX-26FEB05H1600-B6787", "trade_id": "aec6ef24-1f9d-55c1-a5a9-04665ce26f79", "yes_price": 30, "yes_price_dollars": "0.3000"}
{"count": 12, "count_fp": "12.00", "created_time": "2026-02-05T20:21:06.331816Z", "no_price": 69, "no_price_dollars": "0.6900", "price": 0.31, "taker_side": "yes", "ticker": "KXINX-26FEB05H1600-B6787", "trade_id": "44af1ed8-097d-62bd-5253-b25407e7bba7", "yes_price": 31, "yes_price_dollars": "0.3100"}
{"count": 2, "count_fp": "2.00", "created_time": "2026-02-05T20:16:02.134959Z", "no_price": 76, "no_price_dollars": "0.7600", "price": 0.24, "taker_side": "no", "ticker": "KXINX-26FEB05H1600-B6787", "trade_id": "c2bc19f2-9cfe-51ff-5916-81b6f9d4f08f", "yes_price": 24, "yes_price_dollars": "0.2400"}
{"count": 20, "count_fp": "20.00", "created_time": "2026-02-05T20:16:00.450535Z", "no_price": 77, "no_price_dollars": "0.7700", "price": 0.23, "taker_side": "no", "ticker": "KXINX-26FEB05H1600-B6787", "trade_id": "339f8752-f9ee-76b7-ef75-3144136ec448", "yes_price": 23, "yes_price_dollars": "0.2300"}
{"count": 20, "count_fp": "20.00", "created_time": "2026-02-05T20:15:59.229205Z", "no_price": 78, "no_price_dollars": "0.7800", "price": 0.22, "taker_side": "no", "ticker": "KXINX-26FEB05H1600-B6787", "trade_id": "3f76852d-78ea-7e2f-272a-a408019fad9c", "yes_price": 22, "yes_price_dollars": "0.2200"}
{"count": 20, "count_fp": "20.00", "created_time": "2026-02-05T20:15:58.006791Z", "no_price": 76, "no_price_dollars": "0.7600", "price": 0.24, "taker_side": "no", "ticker": "KXINX-26FEB05H1600-B6787", "trade_id": "75a0e56c-135e-6a43-9639-8dbf98984fa2", "yes_price": 24, "yes_price_dollars": "0.2400"}
{"count": 20, "count_fp": "20.00", "created_time": "2026-02-05T20:15:56.788154Z", "no_price": 76, "no_price_dollars": "0.7600", "price": 0.24, "taker_side": "no", "ticker": "KXINX-26FEB05H1600-B6787", "trade_id": "fc0f9ea5-77d7-5173-9e00-a4daf74b4b4e", "yes_price": 24, "yes_price_dollars": "0.2400"}
{"count": 1, "count_fp": "1.00", "created_time": "2026-02-05T20:09:22.456738Z", "no_price": 88, "no_price_dollars": "0.8800", "price": 0.12, "taker_side": "no", "ticker": "KXINX-26FEB05H1600-B6787", "trade_id": "517c3e7a-51c1-7a67-de2c-504de698e68b", "yes_price": 12, "yes_price_dollars": "0.1200"}
{"count": 7, "count_fp": "7.00", "created_time": "2026-02-05T20:01:42.072391Z", "no_price": 76, "no_price_dollars": "0.7600", "price": 0.24, "taker_side": "no", "ticker": "KXINX-26FEB05H1600-B6787", "trade_id": "d74eb377-cae3-5798-be27-ae9470f873b9", "yes_price": 24, "yes_price_dollars": "0.2400"}
{"count": 20, "count_fp": "20.00", "created_time": "2026-02-05T20:01:41.007258Z", "no_price": 76, "no_price_dollars": "0.7600", "price": 0.24, "taker_side": "no", "ticker": "KXINX-26FEB05H1600-B6787", "trade_id": "8295ba81-60b3-6ebc-d816-47c8d54956f1", "yes_price": 24, "yes_price_dollars": "0.2400"}
{"count": 47, "count_fp": "47.00", "created_time": "2026-02-05T19:53:17.855084Z", "no_price": 74, "no_price_dollars": "0.7400", "price": 0.26, "taker_side": "no", "ticker": "KXINX-26FEB05H1600-B6787", "trade_id": "ec34efbd-ddf5-76f3-acd3-4295ea3a4383", "yes_price": 26, "yes_price_dollars": "0.2600"}
{"count": 20, "count_fp": "20.00", "created_time": "2026-02-05T19:53:17.855084Z", "no_price": 73, "no_price_dollars": "0.7300", "price": 0.27, "taker_side": "no", "ticker": "KXINX-26FEB05H1600-B6787", "trade_id": "6dd50221-15c6-7121-b996-5a66c473dcd0", "yes_price": 27, "yes_price_dollars": "0.2700"}
{"count": 535, "count_fp": "535.00", "created_time": "2026-02-05T19:40:12.468438Z", "no_price": 74, "no_price_dollars": "0.7400", "price": 0.26, "taker_side": "yes", "ticker": "KXINX-26FEB05H1600-B6787", "trade_id": "deb6833c-360c-6212-885a-85d72d6a5314", "yes_price": 26, "yes_price_dollars": "0.2600"}
{"count": 20, "count_fp": "20.00", "created_time": "2026-02-05T19:40:12.468438Z", "no_price": 75, "no_price_dollars": "0.7500", "price": 0.25, "taker_side": "yes", "ticker": "KXINX-26FEB05H1600-B6787", "trade_id": "ced810d8-59fb-64fb-8d53-518bfddb1296", "yes_price": 25, "yes_price_dollars": "0.2500"}
{"count": 20, "count_fp": "20.00", "created_time": "2026-02-05T19:35:42.595392Z", "no_price": 79, "no_price_dollars": "0.7900", "price": 0.21, "taker_side": "no", "ticker": "KXINX-26FEB05H1600-B6787", "trade_id": "6a64dd6b-3fce-4b58-9787-170f735df660", "yes_price": 21, "yes_price_dollars": "0.2100"}
{"count": 20, "count_fp": "20.00", "created_time": "2026-02-05T19:35:35.87697Z", "no_price": 79, "no_price_dollars": "0.7900", "price": 0.21, "taker_side": "no", "ticker": "KXINX-26FEB05H1600-B6787", "trade_id": "04996195-4b86-4244-06e3-766108befbb0", "yes_price": 21, "yes_price_dollars": "0.2100"}
{"count": 1, "count_fp": "1.00", "created_time": "2026-02-05T19:35:22.345357Z", "no_price": 80, "no_price_dollars": "0.8000", "price": 0.2, "taker_side": "no", "ticker": "KXINX-26FEB05H1600-B6787", "trade_id": "c0b45f08-bf43-7fa8-8c66-7ba8a81fdedd", "yes_price": 20, "yes_price_dollars": "0.2000"}
{"count": 1, "count_fp": "1.00", "created_time": "2026-02-05T19:30:12.037673Z", "no_price": 78, "no_price_dollars": "0.7800", "price": 0.22, "taker_side": "yes", "ticker": "KXINX-26FEB05H1600-B6787", "trade_id": "09d62eac-6680-4b0e-6391-cc8834f55b4c", "yes_price": 22, "yes_price_dollars": "0.2200"}
{"count": 19, "count_fp": "19.00", "created_time": "2026-02-05T19:30:12.037673Z", "no_price": 79, "no_price_dollars": "0.7900", "price": 0.21, "taker_side": "yes", "ticker": "KXINX-26FEB05H1600-B6787", "trade_id": "04f3a98c-eb24-44c2-60af-b3d3a6b1f6a5", "yes_price": 21, "yes_price_dollars": "0.2100"}
{"count": 20, "count_fp": "20.00", "created_time": "2026-02-05T19:30:11.278126Z", "no_price": 82, "no_price_dollars": "0.8200", "price": 0.18, "taker_side": "yes", "ticker": "KXINX-26FEB05H1600-B6787", "trade_id": "beceb236-1136-5a39-b6c6-308ef961c6a5", "yes_price": 18, "yes_price_dollars": "0.1800"}
{"count": 20, "count_fp": "20.00", "created_time": "2026-02-05T19:30:08.030483Z", "no_price": 83, "no_price_dollars": "0.8300", "price": 0.17, "taker_side": "yes", "ticker": "KXINX-26FEB05H1600-B6787", "trade_id": "36b00e5c-9776-5c34-95c5-77fc2ec5118b", "yes_price": 17, "yes_price_dollars": "0.1700"}
{"count": 48, "count_fp": "48.00", "created_time": "2026-02-05T19:30:08.030483Z", "no_price": 83, "no_price_dollars": "0.8300", "price": 0.17, "taker_side": "yes", "ticker": "KXINX-26FEB05H1600-B6787", "trade_id": "3136b2be-b040-5697-85d8-374618a6d466", "yes_price": 17, "yes_price_dollars": "0.1700"}
{"count": 18, "count_fp": "18.00", "created_time": "2026-02-05T19:11:06.677466Z", "no_price": 82, "no_price_dollars": "0.8200", "price": 0.18, "taker_side": "no", "ticker": "KXINX-26FEB05H1600-B6787", "trade_id": "6e1317fb-2c8c-5784-f173-541a394e8df8", "yes_price": 18, "yes_price_dollars": "0.1800"}
{"count": 20, "count_fp": "20.00", "created_time": "2026-02-05T19:00:55.475533Z", "no_price": 76, "no_price_dollars": "0.7600", "price": 0.24, "taker_side": "no", "ticker": "KXINX-26FEB05H1600-B6787", "trade_id": "d2c60910-5ddc-78bb-016a-4f96f240a08b", "yes_price": 24, "yes_price_dollars": "0.2400"}
{"count": 16, "count_fp": "16.00", "created_time": "2026-02-05T19:00:25.587087Z", "no_price": 72, "no_price_dollars": "0.7200", "price": 0.28, "taker_side": "yes", "ticker": "KXINX-26FEB05H1600-B6787", "trade_id": "356329b6-c0cf-703c-8756-f678063a88c4", "yes_price": 28, "yes_price_dollars": "0.2800"}
{"count": 350, "count_fp": "350.00", "created_time": "2026-02-05T18:53:36.391897Z", "no_price": 72, "no_price_dollars": "0.7200", "price": 0.28, "taker_side": "no", "ticker": "KXINX-26FEB05H1600-B6787", "trade_id": "ea40b33d-aa7d-55d1-d1e3-e089411b6542", "yes_price": 28, "yes_price_dollars": "0.2800"}
{"count": 165, "count_fp": "165.00", "created_time": "2026-02-05T18:28:40.839553Z", "no_price": 77, "no_price_dollars": "0.7700", "price": 0.23, "taker_side": "yes", "ticker": "KXINX-26FEB05H1600-B6787", "trade_id": "85fce894-bca4-535e-2af1-3ef3ae23ab90", "yes_price": 23, "yes_price_dollars": "0.2300"}
{"count": 112, "count_fp": "112.00", "created_time": "2026-02-05T18:22:31.931794Z", "no_price": 83, "no_price_dollars": "0.8300", "price": 0.17, "taker_side": "yes", "ticker": "KXINX-26FEB05H1600-B6787", "trade_id": "83385698-f903-6745-26be-209a04f2e735", "yes_price": 17, "yes_price_dollars": "0.1700"}
{"count": 2, "count_fp": "2.00", "created_time": "2026-02-05T17:56:06.072556Z", "no_price": 89, "no_price_dollars": "0.8900", "price": 0.11, "taker_side": "no", "ticker": "KXINX-26FEB05H1600-B6787", "trade_id": "40a33d56-0f70-4dd4-001a-38cbbbbffb84", "yes_price": 11, "yes_price_dollars": "0.1100"}
{"count": 3, "count_fp": "3.00", "created_time": "2026-02-05T17:50:05.526323Z", "no_price": 89, "no_price_dollars": "0.8900", "price": 0.11, "taker_side": "no", "ticker": "KXINX-26FEB05H1600-B6787", "trade_id": "4cf69325-354c-5bf4-8b24-29346144b754", "yes_price": 11, "yes_price_dollars": "0.1100"}
{"count": 2, "count_fp": "2.00", "created_time": "2026-02-05T17:36:06.202728Z", "no_price": 90, "no_price_dollars": "0.9000", "price": 0.1, "taker_side": "no", "ticker": "KXINX-26FEB05H1600-B6787", "trade_id": "eb10a013-ae35-7a4c-d1c5-353d18b44a06", "yes_price": 10, "yes_price_dollars": "0.1000"}
{"count": 2, "count_fp": "2.00", "created_time": "2026-02-05T17:34:06.000892Z", "no_price": 90, "no_price_dollars": "0.9000", "price": 0.1, "taker_side": "no", "ticker": "KXINX-26FEB05H1600-B6787", "trade_id": "ed638abd-34d9-4d60-31d7-9baeeede4486", "yes_price": 10, "yes_price_dollars": "0.1000"}
{"count": 5, "count_fp": "5.00", "created_time": "2026-02-05T20:53:56.982134Z", "no_price": 89, "no_price_dollars": "0.8900", "price": 0.11, "taker_side": "yes", "ticker": "KXINX-26FEB05H1600-B6762", "trade_id": "38ca68c8-6d63-75fe-2093-50b5585a44ef", "yes_price": 11, "yes_price_dollars": "0.1100"}
{"count": 5, "count_fp": "5.00", "created_time": "2026-02-05T20:41:12.340293Z", "no_price": 83, "no_price_dollars": "0.8300", "price": 0.17, "taker_side": "yes", "ticker": "KXINX-26FEB05H1600-B6762", "trade_id": "af0d7c09-7379-4266-5b2c-65c12d73ebae", "yes_price": 17, "yes_price_dollars": "0.1700"}
{"count": 14, "count_fp": "14.00", "created_time": "2026-02-05T20:23:52.735553Z", "no_price": 91, "no_price_dollars": "0.9100", "price": 0.09, "taker_side": "no", "ticker": "KXINX-26FEB05H1600-B6762", "trade_id": "e3f5f123-6a01-6aed-e9be-afa3097c0f9b", "yes_price": 9, "yes_price_dollars": "0.0900"}
{"count": 20, "count_fp": "20.00", "created_time": "2026-02-05T20:23:45.892239Z", "no_price": 91, "no_price_dollars": "0.9100", "price": 0.09, "taker_side": "no", "ticker": "KXINX-26FEB05H1600-B6762", "trade_id": "b72685b1-02c5-4a19-0854-2c31dca51a53", "yes_price": 9, "yes_price_dollars": "0.0900"}
{"count": 2, "count_fp": "2.00", "created_time": "2026-02-05T20:16:02.135547Z", "no_price": 97, "no_price_dollars": "0.9700", "price": 0.03, "taker_side": "no", "ticker": "KXINX-26FEB05H1600-B6762", "trade_id": "2edc5da9-4c36-714e-da14-bd892930e911", "yes_price": 3, "yes_price_dollars": "0.0300"}
{"count": 20, "count_fp": "20.00", "created_time": "2026-02-05T20:16:00.444293Z", "no_price": 97, "no_price_dollars": "0.9700", "price": 0.03, "taker_side": "no", "ticker": "KXINX-26FEB05H1600-B6762", "trade_id": "442eefba-21a6-7e56-fb40-6bd5b5d64d89", "yes_price": 3, "yes_price_dollars": "0.0300"}
{"count": 20, "count_fp": "20.00", "created_time": "2026-02-05T20:15:59.227424Z", "no_price": 97, "no_price_dollars": "0.9700", "price": 0.03, "taker_side": "no", "ticker": "KXINX-26FEB05H1600-B6762", "trade_id": "9a69e15f-7276-4092-8535-7cf8006c4629", "yes_price": 3, "yes_price_dollars": "0.0300"}
{"count": 20, "count_fp": "20.00", "created_time": "2026-02-05T20:15:58.007345Z", "no_price": 97, "no_price_dollars": "0.9700", "price": 0.03, "taker_side": "no", "ticker": "KXINX-26FEB05H1600-B6762", "trade_id": "1e8cb61c-46c2-6cb6-23c9-9f2b62ddb821", "yes_price": 3, "yes_price_dollars": "0.0300"}
{"count": 20, "count_fp": "20.00", "created_time": "2026-02-05T20:15:56.790357Z", "no_price": 97, "no_price_dollars": "0.9700", "price": 0.03, "taker_side": "no", "ticker": "KXINX-26FEB05H1600-B6762", "trade_id": "bdcd2726-d45e-54ea-e969-0cf8396c3811", "yes_price": 3, "yes_price_dollars": "0.0300"}
{"count": 53, "count_fp": "53.00", "created_time": "2026-02-05T19:52:55.413228Z", "no_price": 92, "no_price_dollars": "0.9200", "price": 0.08, "taker_side": "no", "ticker": "KXINX-26FEB05H1600-B6762", "trade_id": "30aa5f95-308b-7baa-574b-045a574a8749", "yes_price": 8, "yes_price_dollars": "0.0800"}
{"count": 3, "count_fp": "3.00", "created_time": "2026-02-05T18:54:06.210586Z", "no_price": 88, "no_price_dollars": "0.8800", "price": 0.12, "taker_side": "no", "ticker": "KXINX-26FEB05H1600-B6762", "trade_id": "42a68f88-bd24-7e4c-5b6d-3d976cca3575", "yes_price": 12, "yes_price_dollars": "0.1200"}
{"count": 46, "count_fp": "46.00", "created_time": "2026-02-05T18:45:43.601757Z", "no_price": 93, "no_price_dollars": "0.9300", "price": 0.07, "taker_side": "yes", "ticker": "KXINX-26FEB05H1600-B6737", "trade_id": "7fcb52c4-b1f1-442d-477f-3fe03d43e6e0", "yes_price": 7, "yes_price_dollars": "0.0700"}
{"count": 346, "count_fp": "346.00", "created_time": "2026-02-05T21:44:10.262526Z", "no_price": 99, "no_price_dollars": "0.9900", "price": 0.01, "taker_side": "yes", "ticker": "KXINX-26FEB06H1600-B7162", "trade_id": "8af3f740-20f9-624a-cbe9-bbb5a9874109", "yes_price": 1, "yes_price_dollars": "0.0100"}
{"count": 15, "count_fp": "15.00", "created_time": "2026-02-05T21:44:10.262526Z", "no_price": 99, "no_price_dollars": "0.9900", "price": 0.01, "taker_side": "yes", "ticker": "KXINX-26FEB06H1600-B7162", "trade_id": "5b967973-0e75-67aa-f17a-7d02d57ee561", "yes_price": 1, "yes_price_dollars": "0.0100"}
{"count": 5, "count_fp": "5.00", "created_time": "2026-02-05T21:44:10.262526Z", "no_price": 99, "no_price_dollars": "0.9900", "price": 0.01, "taker_side": "yes", "ticker": "KXINX-26FEB06H1600-B7162", "trade_id": "528acf3e-0598-6bc5-d84e-58502c668549", "yes_price": 1, "yes_price_dollars": "0.0100"}
{"count": 20, "count_fp": "20.00", "created_time": "2026-02-05T21:44:10.262526Z", "no_price": 99, "no_price_dollars": "0.9900", "price": 0.01, "taker_side": "yes", "ticker": "KXINX-26FEB06H1600-B7162", "trade_id": "477436ca-dc31-6498-cfc7-7a0f07fb4ffa", "yes_price": 1, "yes_price_dollars": "0.0100"}
{"count": 23, "count_fp": "23.00", "created_time": "2026-02-05T21:24:35.052839Z", "no_price": 99, "no_price_dollars": "0.9900", "price": 0.01, "taker_side": "yes", "ticker": "KXINX-26FEB06H1600-B7112", "trade_id": "8ed3f4e2-1795-6824-1189-bbd2fe82a6eb", "yes_price": 1, "yes_price_dollars": "0.0100"}
{"count": 5, "count_fp": "5.00", "created_time": "2026-02-05T21:24:35.052839Z", "no_price": 99, "no_price_dollars": "0.9900", "price": 0.01, "taker_side": "yes", "ticker": "KXINX-26FEB06H1600-B7112", "trade_id": "879712bb-4f4c-6f66-14dd-9e98e94c5443", "yes_price": 1, "yes_price_dollars": "0.0100"}
{"count": 20, "count_fp": "20.00", "created_time": "2026-02-05T21:24:35.052839Z", "no_price": 99, "no_price_dollars": "0.9900", "price": 0.01, "taker_side": "yes", "ticker": "KXINX-26FEB06H1600-B7112", "trade_id": "4dda846b-80b7-64d8-32b6-291341088e75", "yes_price": 1, "yes_price_dollars": "0.0100"}
{"count": 5, "count_fp": "5.00", "created_time": "2026-02-05T21:24:13.593078Z", "no_price": 98, "no_price_dollars": "0.9800", "price": 0.02, "taker_side": "yes", "ticker": "KXINX-26FEB06H1600-B7087", "trade_id": "e0e527ac-73dd-5d67-40a2-13df820bf78a", "yes_price": 2, "yes_price_dollars": "0.0200"}
{"count": 10, "count_fp": "10.00", "created_time": "2026-02-05T21:24:13.593078Z", "no_price": 98, "no_price_dollars": "0.9800", "price": 0.02, "taker_side": "yes", "ticker": "KXINX-26FEB06H1600-B7087", "trade_id": "857782c0-4516-5c59-595e-73dd420adaf8", "yes_price": 2, "yes_price_dollars": "0.0200"}
{"count": 20, "count_fp": "20.00", "created_time": "2026-02-05T21:24:13.593078Z", "no_price": 99, "no_price_dollars": "0.9900", "price": 0.01, "taker_side": "yes", "ticker": "KXINX-26FEB06H1600-B7087", "trade_id": "7b8d7671-830b-573e-49f7-1ec93097a9cf", "yes_price": 1, "yes_price_dollars": "0.0100"}
{"count": 5, "count_fp": "5.00", "created_time": "2026-02-05T21:24:13.593078Z", "no_price": 93, "no_price_dollars": "0.9300", "price": 0.07, "taker_side": "yes", "ticker": "KXINX-26FEB06H1600-B7087", "trade_id": "64109f3b-bf7e-54d8-528a-eae7f6af0c9f", "yes_price": 7, "yes_price_dollars": "0.0700"}
{"count": 5, "count_fp": "5.00", "created_time": "2026-02-05T21:24:13.593078Z", "no_price": 99, "no_price_dollars": "0.9900", "price": 0.01, "taker_side": "yes", "ticker": "KXINX-26FEB06H1600-B7087", "trade_id": "46867f32-06b7-522a-70e3-be83d9982534", "yes_price": 1, "yes_price_dollars": "0.0100"}
{"count": 3, "count_fp": "3.00", "created_time": "2026-02-05T23:28:04.289405Z", "no_price": 97, "no_price_dollars": "0.9700", "price": 0.03, "taker_side": "yes", "ticker": "KXINX-26FEB06H1600-B6962", "trade_id": "829c1c42-ae1f-451f-613d-f427ef1fc14b", "yes_price": 3, "yes_price_dollars": "0.0300"}
{"count": 10, "count_fp": "10.00", "created_time": "2026-02-05T22:21:33.630868Z", "no_price": 91, "no_price_dollars": "0.9100", "price": 0.09, "taker_side": "yes", "ticker": "KXINX-26FEB06H1600-B6962", "trade_id": "00f0a0ef-b1d6-6e52-e49c-422debe835a2", "yes_price": 9, "yes_price_dollars": "0.0900"}
{"count": 7, "count_fp": "7.00", "created_time": "2026-02-05T22:26:05.493769Z", "no_price": 77, "no_price_dollars": "0.7700", "price": 0.23, "taker_side": "yes", "ticker": "KXINX-26FEB06H1600-B6937", "trade_id": "30860112-d50b-50bb-a210-80f13ab897e2", "yes_price": 23, "yes_price_dollars": "0.2300"}
{"count": 7, "count_fp": "7.00", "created_time": "2026-02-05T22:18:59.068627Z", "no_price": 77, "no_price_dollars": "0.7700", "price": 0.23, "taker_side": "yes", "ticker": "KXINX-26FEB06H1600-B6937", "trade_id": "705bc995-f29c-749c-69e4-9a6916cf85a7", "yes_price": 23, "yes_price_dollars": "0.2300"}
{"count": 8, "count_fp": "8.00", "created_time": "2026-02-05T21:23:40.228792Z", "no_price": 77, "no_price_dollars": "0.7700", "price": 0.23, "taker_side": "yes", "ticker": "KXINX-26FEB06H1600-B6937", "trade_id": "b87008de-1f4e-6c58-4e10-9894eaef5d03", "yes_price": 23, "yes_price_dollars": "0.2300"}
{"count": 15, "count_fp": "15.00", "created_time": "2026-02-05T20:47:03.078074Z", "no_price": 75, "no_price_dollars": "0.7500", "price": 0.25, "taker_side": "yes", "ticker": "KXINX-26FEB06H1600-B6937", "trade_id": "c2f00590-1ab6-73cd-0052-14e7cadec726", "yes_price": 25, "yes_price_dollars": "0.2500"}
{"count": 15, "count_fp": "15.00", "created_time": "2026-02-05T20:47:03.078074Z", "no_price": 94, "no_price_dollars": "0.9400", "price": 0.06, "taker_side": "yes", "ticker": "KXINX-26FEB06H1600-B6937", "trade_id": "8306337a-0eaf-7f0d-3b46-88b64b710d5d", "yes_price": 6, "yes_price_dollars": "0.0600"}
{"count": 6, "count_fp": "6.00", "created_time": "2026-02-05T19:04:29.650321Z", "no_price": 93, "no_price_dollars": "0.9300", "price": 0.07, "taker_side": "yes", "ticker": "KXINX-26FEB06H1600-B6937", "trade_id": "9fa28dc3-7d23-488b-c7e6-d3b60efb39c3", "yes_price": 7, "yes_price_dollars": "0.0700"}
{"count": 2192, "count_fp": "2192.00", "created_time": "2026-02-05T18:59:15.953107Z", "no_price": 96, "no_price_dollars": "0.9600", "price": 0.04, "taker_side": "no", "ticker": "KXINX-26FEB06H1600-B6937", "trade_id": "d4266823-5b07-4c12-2a45-52deb34150c3", "yes_price": 4, "yes_price_dollars": "0.0400"}
{"count": 20, "count_fp": "20.00", "created_time": "2026-02-05T18:54:41.168356Z", "no_price": 96, "no_price_dollars": "0.9600", "price": 0.04, "taker_side": "no", "ticker": "KXINX-26FEB06H1600-B6937", "trade_id": "b661dbb8-ece2-7750-a382-4ff8895ffc0e", "yes_price": 4, "yes_price_dollars": "0.0400"}
{"count": 35, "count_fp": "35.00", "created_time": "2026-02-05T17:31:58.312306Z", "no_price": 89, "no_price_dollars": "0.8900", "price": 0.11, "taker_side": "yes", "ticker": "KXINX-26FEB06H1600-B6937", "trade_id": "1ab906c0-9625-4fbb-0d35-4ac5cb4219d4", "yes_price": 11, "yes_price_dollars": "0.1100"}
{"count": 11, "count_fp": "11.00", "created_time": "2026-02-05T17:30:38.746525Z", "no_price": 88, "no_price_dollars": "0.8800", "price": 0.12, "taker_side": "yes", "ticker": "KXINX-26FEB06H1600-B6937", "trade_id": "b1d7f122-a875-7b8b-7835-776fe434b6bc", "yes_price": 12, "yes_price_dollars": "0.1200"}
{"count": 1, "count_fp": "1.00", "created_time": "2026-02-05T20:45:36.462498Z", "no_price": 97, "no_price_dollars": "0.9700", "price": 0.03, "taker_side": "no", "ticker": "KXINX-26FEB06H1600-B6912", "trade_id": "d3098880-d1f4-7db4-e3d3-b4d27e4e6fd8", "yes_price": 3, "yes_price_dollars": "0.0300"}
{"count": 1, "count_fp": "1.00", "created_time": "2026-02-05T20:43:40.348265Z", "no_price": 97, "no_price_dollars": "0.9700", "price": 0.03, "taker_side": "no", "ticker": "KXINX-26FEB06H1600-B6912", "trade_id": "45a0873c-5994-43e0-8d8b-ce85a7e5d224", "yes_price": 3, "yes_price_dollars": "0.0300"}
{"count": 1, "count_fp": "1.00", "created_time": "2026-02-05T20:27:59.460408Z", "no_price": 94, "no_price_dollars": "0.9400", "price": 0.06, "taker_side": "no", "ticker": "KXINX-26FEB06H1600-B6912", "trade_id": "8e85a0ce-110c-583a-c9e1-45b870cd8b84", "yes_price": 6, "yes_price_dollars": "0.0600"}
{"count": 231, "count_fp": "231.00", "created_time": "2026-02-05T20:09:42.899644Z", "no_price": 92, "no_price_dollars": "0.9200", "price": 0.08, "taker_side": "no", "ticker": "KXINX-26FEB06H1600-B6912", "trade_id": "ba973bb6-7fa9-689f-2ce6-6258c5020aa6", "yes_price": 8, "yes_price_dollars": "0.0800"}
{"count": 1, "count_fp": "1.00", "created_time": "2026-02-05T20:08:35.213297Z", "no_price": 89, "no_price_dollars": "0.8900", "price": 0.11, "taker_side": "yes", "ticker": "KXINX-26FEB06H1600-B6912", "trade_id": "4df8d8ef-4a92-78bb-7e7c-644a488895f0", "yes_price": 11, "yes_price_dollars": "0.1100"}
{"count": 316, "count_fp": "316.00", "created_time": "2026-02-05T20:08:35.213297Z", "no_price": 88, "no_price_dollars": "0.8800", "price": 0.12, "taker_side": "yes", "ticker": "KXINX-26FEB06H1600-B6912", "trade_id": "1d45675c-00a6-70a7-4551-064c2e007635", "yes_price": 12, "yes_price_dollars": "0.1200"}
{"count": 6, "count_fp": "6.00", "created_time": "2026-02-05T20:08:35.213297Z", "no_price": 88, "no_price_dollars": "0.8800", "price": 0.12, "taker_side": "yes", "ticker": "KXINX-26FEB06H1600-B6912", "trade_id": "18e15f4f-c6d3-75d1-6619-276624d1e513", "yes_price": 12, "yes_price_dollars": "0.1200"}
{"count": 32, "count_fp": "32.00", "created_time": "2026-02-05T20:05:31.884823Z", "no_price": 92, "no_price_dollars": "0.9200", "price": 0.08, "taker_side": "no", "ticker": "KXINX-26FEB06H1600-B6912", "trade_id": "686c6e0b-e635-7f32-4b59-015b4e0a69e2", "yes_price": 8, "yes_price_dollars": "0.0800"}
{"count": 16, "count_fp": "16.00", "created_time": "2026-02-05T20:05:31.884823Z", "no_price": 93, "no_price_dollars": "0.9300", "price": 0.07, "taker_side": "no", "ticker": "KXINX-26FEB06H1600-B6912", "trade_id": "5d3af06f-f089-7747-5953-9c164480f916", "yes_price": 7, "yes_price_dollars": "0.0700"}
{"count": 19, "count_fp": "19.00", "created_time": "2026-02-05T18:50:38.271448Z", "no_price": 96, "no_price_dollars": "0.9600", "price": 0.04, "taker_side": "no", "ticker": "KXINX-26FEB06H1600-B6912", "trade_id": "fd52a7dc-31f6-492d-ad75-2c6941d746ca", "yes_price": 4, "yes_price_dollars": "0.0400"}
{"count": 4, "count_fp": "4.00", "created_time": "2026-02-05T18:50:38.271448Z", "no_price": 95, "no_price_dollars": "0.9500", "price": 0.05, "taker_side": "no", "ticker": "KXINX-26FEB06H1600-B6912", "trade_id": "9406e860-4173-4851-a676-72cd8f713173", "yes_price": 5, "yes_price_dollars": "0.0500"}
{"count": 1, "count_fp": "1.00", "created_time": "2026-02-05T18:50:38.271448Z", "no_price": 96, "no_price_dollars": "0.9600", "price": 0.04, "taker_side": "no", "ticker": "KXINX-26FEB06H1600-B6912", "trade_id": "428d9f8f-7a8c-441e-a34f-a849b666127b", "yes_price": 4, "yes_price_dollars": "0.0400"}
{"count": 9, "count_fp": "9.00", "created_time": "2026-02-05T21:32:23.849534Z", "no_price": 90, "no_price_dollars": "0.9000", "price": 0.1, "taker_side": "yes", "ticker": "KXINX-26FEB06H1600-B6887", "trade_id": "b16a9d5f-58f9-401d-5c02-27627ba1935a", "yes_price": 10, "yes_price_dollars": "0.1000"}
{"count": 114, "count_fp": "114.00", "created_time": "2026-02-05T21:04:08.666427Z", "no_price": 79, "no_price_dollars": "0.7900", "price": 0.21, "taker_side": "yes", "ticker": "KXINX-26FEB06H1600-B6887", "trade_id": "ba958edb-f5d7-667c-db76-7c06b84c23cf", "yes_price": 21, "yes_price_dollars": "0.2100"}
{"count": 1, "count_fp": "1.00", "created_time": "2026-02-05T21:04:08.666427Z", "no_price": 80, "no_price_dollars": "0.8000", "price": 0.2, "taker_side": "yes", "ticker": "KXINX-26FEB06H1600-B6887", "trade_id": "4714f450-61ee-6afd-fd69-e3ba946975a7", "yes_price": 20, "yes_price_dollars": "0.2000"}
{"count": 1, "count_fp": "1.00", "created_time": "2026-02-05T20:25:26.255569Z", "no_price": 91, "no_price_dollars": "0.9100", "price": 0.09, "taker_side": "no", "ticker": "KXINX-26FEB06H1600-B6887", "trade_id": "a95d7d6d-0bd5-4f47-4b27-6e1732ae8e51", "yes_price": 9, "yes_price_dollars": "0.0900"}
