{"count": 1, "count_fp": "1.00", "created_time": "2026-02-17T21:21:09.909049Z", "no_price": 97, "no_price_dollars": "0.9700", "price": 0.03, "taker_side": "yes", "ticker": "KXINX-26FEB20H1600-B7062", "trade_id": "be31b6f6-f3a9-4a59-b52b-6f4bed5170d3", "yes_price": 3, "yes_price_dollars": "0.0300"}
{"count": 482, "count_fp": "482.00", "created_time": "2026-02-17T21:21:09.909049Z", "no_price": 96, "no_price_dollars": "0.9600", "price": 0.04, "taker_side": "yes", "ticker": "KXINX-26FEB20H1600-B7062", "trade_id": "267a643b-59a0-4211-8ccb-d9414f9e917d", "yes_price": 4, "yes_price_dollars": "0.0400"}
{"count": 1, "count_fp": "1.00", "created_time": "2026-02-17T21:20:55.684775Z", "no_price": 96, "no_price_dollars": "0.9600", "price": 0.04, "taker_side": "yes", "ticker": "KXINX-26FEB20H1600-B7037", "trade_id": "5065274b-8d2e-556c-d348-ecbd9d86ceca", "yes_price": 4, "yes_price_dollars": "0.0400"}
{"count": 603, "count_fp": "603.00", "created_time": "2026-02-17T21:20:55.684775Z", "no_price": 96, "no_price_dollars": "0.9600", "price": 0.04, "taker_side": "yes", "ticker": "KXINX-26FEB20H1600-B7037", "trade_id": "13c527a2-3fa1-50ce-c835-7308dd0c17d0", "yes_price": 4, "yes_price_dollars": "0.0400"}
{"count": 1, "count_fp": "1.00", "created_time": "2026-02-17T21:20:06.034139Z", "no_price": 95, "no_price_dollars": "0.9500", "price": 0.05, "taker_side": "yes", "ticker": "KXINX-26FEB20H1600-B7012", "trade_id": "b4534356-a892-5a64-a6a4-21253c7fc7a3", "yes_price": 5, "yes_price_dollars": "0.0500"}
{"count": 402, "count_fp": "402.00", "created_time": "2026-02-17T21:20:06.034139Z", "no_price": 94, "no_price_dollars": "0.9400", "price": 0.06, "taker_side": "yes", "ticker": "KXINX-26FEB20H1600-B7012", "trade_id": "3c3d2aa9-e522-5b86-9a41-eda14f6f8458", "yes_price": 6, "yes_price_dollars": "0.0600"}
{"count": 289, "count_fp": "289.00", "created_time": "2026-02-17T21:19:53.820481Z", "no_price": 90, "no_price_dollars": "0.9000", "price": 0.1, "taker_side": "yes", "ticker": "KXINX-26FEB20H1600-B6987", "trade_id": "f1105b58-53e3-5add-b471-311bfc6fc6db", "yes_price": 10, "yes_price_dollars": "0.1000"}
{"count": 1, "count_fp": "1.00", "created_time": "2026-02-17T21:19:53.820481Z", "no_price": 91, "no_price_dollars": "0.9100", "price": 0.09, "taker_side": "yes", "ticker": "KXINX-26FEB20H1600-B6987", "trade_id": "c1f002a3-fa92-5215-9b49-755a276d9f7a", "yes_price": 9, "yes_price_dollars": "0.0900"}
{"count": 6, "count_fp": "6.00", "created_time": "2026-02-17T23:10:29.724571Z", "no_price": 86, "no_price_dollars": "0.8600", "price": 0.14, "taker_side": "yes", "ticker": "KXINX-26FEB20H1600-B6962", "trade_id": "60552060-dbdb-52c6-2a6a-293b9be743bf", "yes_price": 14, "yes_price_dollars": "0.1400"}
{"count": 32, "count_fp": "32.00", "created_time": "2026-02-17T23:04:35.623194Z", "no_price": 85, "no_price_dollars": "0.8500", "price": 0.15, "taker_side": "yes", "ticker": "KXINX-26FEB20H1600-B6962", "trade_id": "3c202d02-bbfb-53f4-8c8a-30b1e97d914e", "yes_price": 15, "yes_price_dollars": "0.1500"}
{"count": 12, "count_fp": "12.00", "created_time": "2026-02-17T23:03:33.796573Z", "no_price": 85, "no_price_dollars": "0.8500", "price": 0.15, "taker_side": "yes", "ticker": "KXINX-26FEB20H1600-B6962", "trade_id": "d47048c9-70a3-7b58-e335-9c04903c028a", "yes_price": 15, "yes_price_dollars": "0.1500"}
{"count": 12, "count_fp": "12.00", "created_time": "2026-02-17T23:03:30.657542Z", "no_price": 85, "no_price_dollars": "0.8500", "price": 0.15, "taker_side": "yes", "ticker": "KXINX-26FEB20H1600-B6962", "trade_id": "e107db06-cc0b-75a4-81ca-c160c723768e", "yes_price": 15, "yes_price_dollars": "0.1500"}
{"count": 207, "count_fp": "207.00", "created_time": "2026-02-17T21:19:42.720395Z", "no_price": 86, "no_price_dollars": "0.8600", "price": 0.14, "taker_side": "yes", "ticker": "KXINX-26FEB20H1600-B6962", "trade_id": "e1796109-4421-50e6-86b9-32759cbb09d9", "yes_price": 14, "yes_price_dollars": "0.1400"}
{"count": 1, "count_fp": "1.00", "created_time": "2026-02-17T21:19:42.720395Z", "no_price": 87, "no_price_dollars": "0.8700", "price": 0.13, "taker_side": "yes", "ticker": "KXINX-26FEB20H1600-B6962", "trade_id": "b198d318-5f0e-54f0-9fa1-b42ea28ac889", "yes_price": 13, "yes_price_dollars": "0.1300"}
{"count": 9, "count_fp": "9.00", "created_time": "2026-02-17T20:02:12.191517Z", "no_price": 86, "no_price_dollars": "0.8600", "price": 0.14, "taker_side": "yes", "ticker": "KXINX-26FEB20H1600-B6962", "trade_id": "ff2a55c7-be0d-5d9e-4284-f6ede39064bd", "yes_price": 14, "yes_price_dollars": "0.1400"}
{"count": 1, "count_fp": "1.00", "created_time": "2026-02-17T20:02:12.191517Z", "no_price": 88, "no_price_dollars": "0.8800", "price": 0.12, "taker_side": "yes", "ticker": "KXINX-26FEB20H1600-B6962", "trade_id": "521ca80f-ff39-5f23-4b67-8714198c1595", "yes_price": 12, "yes_price_dollars": "0.1200"}
{"count": 10, "count_fp": "10.00", "created_time": "2026-02-17T18:50:22.969955Z", "no_price": 91, "no_price_dollars": "0.9100", "price": 0.09, "taker_side": "no", "ticker": "KXINX-26FEB20H1600-B6962", "trade_id": "57012eff-5de5-5452-e4d8-315ac232246a", "yes_price": 9, "yes_price_dollars": "0.0900"}
{"count": 1, "count_fp": "1.00", "created_time": "2026-02-17T18:37:40.415479Z", "no_price": 91, "no_price_dollars": "0.9100", "price": 0.09, "taker_side": "yes", "ticker": "KXINX-26FEB20H1600-B6962", "trade_id": "3fd8e693-2a89-553e-670b-ca8a41b075a2", "yes_price": 9, "yes_price_dollars": "0.0900"}
{"count": 494, "count_fp": "494.00", "created_time": "2026-02-17T18:37:40.415479Z", "no_price": 91, "no_price_dollars": "0.9100", "price": 0.09, "taker_side": "yes", "ticker": "KXINX-26FEB20H1600-B6962", "trade_id": "046b6ab6-5708-5b32-6de6-f1c565264ff3", "yes_price": 9, "yes_price_dollars": "0.0900"}
{"count": 1, "count_fp": "1.00", "created_time": "2026-02-17T18:25:54.505928Z", "no_price": 92, "no_price_dollars": "0.9200", "price": 0.08, "taker_side": "yes", "ticker": "KXINX-26FEB20H1600-B6962", "trade_id": "edff09e1-f2a4-5dea-636f-0efb44eee5ae", "yes_price": 8, "yes_price_dollars": "0.0800"}
{"count": 1, "count_fp": "1.00", "created_time": "2026-02-17T18:22:39.079198Z", "no_price": 92, "no_price_dollars": "0.9200", "price": 0.08, "taker_side": "yes", "ticker": "KXINX-26FEB20H1600-B6962", "trade_id": "fbe4d4e2-f787-59ee-70f8-9d3d3bf736a4", "yes_price": 8, "yes_price_dollars": "0.0800"}
{"count": 1, "count_fp": "1.00", "created_time": "2026-02-17T15:39:38.892541Z", "no_price": 92, "no_price_dollars": "0.9200", "price": 0.08, "taker_side": "yes", "ticker": "KXINX-26FEB20H1600-B6962", "trade_id": "30fe805b-e922-4c0e-62a6-eb214afae4cb", "yes_price": 8, "yes_price_dollars": "0.0800"}
{"count": 95, "count_fp": "95.00", "created_time": "2026-02-17T14:36:14.562571Z", "no_price": 92, "no_price_dollars": "0.9200", "price": 0.08, "taker_side": "yes", "ticker": "KXINX-26FEB20H1600-B6962", "trade_id": "8f242a96-ce2e-5fc3-a9a6-613e6a036c2e", "yes_price": 8, "yes_price_dollars": "0.0800"}
{"count": 6, "count_fp": "6.00", "created_time": "2026-02-17T07:31:00.914714Z", "no_price": 92, "no_price_dollars": "0.9200", "price": 0.08, "taker_side": "yes", "ticker": "KXINX-26FEB20H1600-B6962", "trade_id": "34fe24b5-4fc0-47f5-ead2-e7db11fbbd11", "yes_price": 8, "yes_price_dollars": "0.0800"}
{"count": 5, "count_fp": "5.00", "created_time": "2026-02-17T05:04:59.706423Z", "no_price": 91, "no_price_dollars": "0.9100", "price": 0.09, "taker_side": "yes", "ticker": "KXINX-26FEB20H1600-B6962", "trade_id": "20eb0bd0-2734-64ee-da47-5bf2f7d6cbef", "yes_price": 9, "yes_price_dollars": "0.0900"}
{"count": 1, "count_fp": "1.00", "created_time": "2026-02-17T05:03:51.821664Z", "no_price": 90, "no_price_dollars": "0.9000", "price": 0.1, "taker_side": "no", "ticker": "KXINX-26FEB20H1600-B6962", "trade_id": "3bfd5167-d725-4c31-0a31-bb526deb16ab", "yes_price": 10, "yes_price_dollars": "0.1000"}
{"count": 1, "count_fp": "1.00", "created_time": "2026-02-17T03:43:14.1097Z", "no_price": 80, "no_price_dollars": "0.8000", "price": 0.2, "taker_side": "yes", "ticker": "KXINX-26FEB20H1600-B6962", "trade_id": "7b381aa7-5ec5-5483-2ae0-ff22e85be9e8", "yes_price": 20, "yes_price_dollars": "0.2000"}
{"count": 3, "count_fp": "3.00", "created_time": "2026-02-17T23:11:13.77527Z", "no_price": 75, "no_price_dollars": "0.7500", "price": 0.25, "taker_side": "yes", "ticker": "KXINX-26FEB20H1600-B6937", "trade_id": "59d5fe4e-153c-44f0-80ae-f3fcc8ba804b", "yes_price": 25, "yes_price_dollars": "0.2500"}
{"count": 26, "count_fp": "26.00", "created_time": "2026-02-17T22:01:36.926758Z", "no_price": 74, "no_price_dollars": "0.7400", "price": 0.26, "taker_side": "yes", "ticker": "KXINX-26FEB20H1600-B6937", "trade_id": "9c411c05-75d1-4229-1001-801b4437d7fe", "yes_price": 26, "yes_price_dollars": "0.2600"}
{"count": 193, "count_fp": "193.00", "created_time": "2026-02-17T21:19:29.733517Z", "no_price": 85, "no_price_dollars": "0.8500", "price": 0.15, "taker_side": "yes", "ticker": "KXINX-26FEB20H1600-B6937", "trade_id": "b022f0a6-3932-4d18-804d-dfbb50c95bbf", "yes_price": 15, "yes_price_dollars": "0.1500"}
{"count": 1, "count_fp": "1.00", "created_time": "2026-02-17T21:19:29.733517Z", "no_price": 86, "no_price_dollars": "0.8600", "price": 0.14, "taker_side": "yes", "ticker": "KXINX-26FEB20H1600-B6937", "trade_id": "20676d4e-61b0-41f1-8ee7-52b55146df7e", "yes_price": 14, "yes_price_dollars": "0.1400"}
{"count": 1, "count_fp": "1.00", "created_time": "2026-02-17T20:08:10.427969Z", "no_price": 88, "no_price_dollars": "0.8800", "price": 0.12, "taker_side": "yes", "ticker": "KXINX-26FEB20H1600-B6937", "trade_id": "f24cf980-d394-70b9-4482-9c1bc581ddaa", "yes_price": 12, "yes_price_dollars": "0.1200"}
{"count": 58, "count_fp": "58.00", "created_time": "2026-02-17T20:08:10.427969Z", "no_price": 85, "no_price_dollars": "0.8500", "price": 0.15, "taker_side": "yes", "ticker": "KXINX-26FEB20H1600-B6937", "trade_id": "759473c5-8a36-74ec-6bdf-45b6351b00d7", "yes_price": 15, "yes_price_dollars": "0.1500"}
{"count": 4, "count_fp": "4.00", "created_time": "2026-02-17T14:30:19.37033Z", "no_price": 88, "no_price_dollars": "0.8800", "price": 0.12, "taker_side": "yes", "ticker": "KXINX-26FEB20H1600-B6937", "trade_id": "52e4acc1-7358-5789-e8dc-0eda7fe57e1a", "yes_price": 12, "yes_price_dollars": "0.1200"}
{"count": 1, "count_fp": "1.00", "created_time": "2026-02-17T12:58:56.113256Z", "no_price": 85, "no_price_dollars": "0.8500", "price": 0.15, "taker_side": "no", "ticker": "KXINX-26FEB20H1600-B6937", "trade_id": "616487e1-a1f1-590d-e761-fa52633ed869", "yes_price": 15, "yes_price_dollars": "0.1500"}
{"count": 241, "count_fp": "241.00", "created_time": "2026-02-17T21:19:13.162527Z", "no_price": 88, "no_price_dollars": "0.8800", "price": 0.12, "taker_side": "yes", "ticker": "KXINX-26FEB20H1600-B6912", "trade_id": "7b7be76d-6cad-66ab-6e48-3fd319afc82d", "yes_price": 12, "yes_price_dollars": "0.1200"}
{"count": 1, "count_fp": "1.00", "created_time": "2026-02-17T21:19:13.162527Z", "no_price": 88, "no_price_dollars": "0.8800", "price": 0.12, "taker_side": "yes", "ticker": "KXINX-26FEB20H1600-B6912", "trade_id": "2fd5bf6a-14aa-6152-5a8e-d5baa6c3e66f", "yes_price": 12, "yes_price_dollars": "0.1200"}
{"count": 161, "count_fp": "161.00", "created_time": "2026-02-17T14:51:07.427756Z", "no_price": 88, "no_price_dollars": "0.8800", "price": 0.12, "taker_side": "yes", "ticker": "KXINX-26FEB20H1600-B6912", "trade_id": "776d5e7e-1a7c-4061-d487-e019136dc1f6", "yes_price": 12, "yes_price_dollars": "0.1200"}
{"count": 105, "count_fp": "105.00", "created_time": "2026-02-17T21:18:58.452603Z", "no_price": 89, "no_price_dollars": "0.8900", "price": 0.11, "taker_side": "yes", "ticker": "KXINX-26FEB20H1600-B6887", "trade_id": "5e6c66df-cb60-736a-4cf4-d8c61f3599b7", "yes_price": 11, "yes_price_dollars": "0.1100"}
{"count": 146, "count_fp": "146.00", "created_time": "2026-02-17T21:18:58.452603Z", "no_price": 88, "no_price_dollars": "0.8800", "price": 0.12, "taker_side": "yes", "ticker": "KXINX-26FEB20H1600-B6887", "trade_id": "1e11287b-b4cb-7d05-5837-5aab8811c482", "yes_price": 12, "yes_price_dollars": "0.1200"}
{"count": 1, "count_fp": "1.00", "created_time": "2026-02-17T20:11:43.796306Z", "no_price": 92, "no_price_dollars": "0.9200", "price": 0.08, "taker_side": "no", "ticker": "KXINX-26FEB20H1600-B6887", "trade_id": "f515bc7e-7582-6368-528c-144dd3d74f7a", "yes_price": 8, "yes_price_dollars": "0.0800"}
{"count": 1, "count_fp": "1.00", "created_time": "2026-02-17T20:11:43.796306Z", "no_price": 92, "no_price_dollars": "0.9200", "price": 0.08, "taker_side": "no", "ticker": "KXINX-26FEB20H1600-B6887", "trade_id": "ede4ea67-bbd3-6612-4d20-86e8e4d20440", "yes_price": 8, "yes_price_dollars": "0.0800"}
{"count": 264, "count_fp": "264.00", "created_time": "2026-02-17T21:18:47.864806Z", "no_price": 89, "no_price_dollars": "0.8900", "price": 0.11, "taker_side": "yes", "ticker": "KXINX-26FEB20H1600-B6862", "trade_id": "fe63b6e8-1cb2-7760-d1be-c9e14c2075ce", "yes_price": 11, "yes_price_dollars": "0.1100"}
{"count": 1001, "count_fp": "1001.00", "created_time": "2026-02-17T21:53:08.842956Z", "no_price": 90, "no_price_dollars": "0.9000", "price": 0.1, "taker_side": "yes", "ticker": "KXINX-26FEB20H1600-B6837", "trade_id": "2b477e9b-908c-7bf6-65e6-a3355d288714", "yes_price": 10, "yes_price_dollars": "0.1000"}
{"count": 969, "count_fp": "969.00", "created_time": "2026-02-17T21:38:16.645724Z", "no_price": 90, "no_price_dollars": "0.9000", "price": 0.1, "taker_side": "yes", "ticker": "KXINX-26FEB20H1600-B6837", "trade_id": "a17261ed-200c-501e-c4d2-5b5b08f3ecb4", "yes_price": 10, "yes_price_dollars": "0.1000"}
{"count": 290, "count_fp": "290.00", "created_time": "2026-02-17T21:18:33.728834Z", "no_price": 90, "no_price_dollars": "0.9000", "price": 0.1, "taker_side": "yes", "ticker": "KXINX-26FEB20H1600-B6837", "trade_id": "3f2aa300-5894-542a-18de-e182db7421ac", "yes_price": 10, "yes_price_dollars": "0.1000"}
{"count": 1, "count_fp": "1.00", "created_time": "2026-02-17T21:03:38.078297Z", "no_price": 90, "no_price_dollars": "0.9000", "price": 0.1, "taker_side": "yes", "ticker": "KXINX-26FEB20H1600-B6837", "trade_id": "31d0c251-637c-5ada-e9fb-ac7674a40238", "yes_price": 10, "yes_price_dollars": "0.1000"}
{"count": 550, "count_fp": "550.00", "created_time": "2026-02-17T20:53:55.064286Z", "no_price": 90, "no_price_dollars": "0.9000", "price": 0.1, "taker_side": "yes", "ticker": "KXINX-26FEB20H1600-B6837", "trade_id": "5087be3e-79b0-4d0e-627b-be15ccaf85a4", "yes_price": 10, "yes_price_dollars": "0.1000"}
{"count": 1, "count_fp": "1.00", "created_time": "2026-02-17T17:54:42.35341Z", "no_price": 89, "no_price_dollars": "0.8900", "price": 0.11, "taker_side": "yes", "ticker": "KXINX-26FEB20H1600-B6837", "trade_id": "82b3ae5d-382e-7ab3-d9c6-f5e0b0899c78", "yes_price": 11, "yes_price_dollars": "0.1100"}
{"count": 323, "count_fp": "323.00", "created_time": "2026-02-17T21:18:18.384532Z", "no_price": 91, "no_price_dollars": "0.9100", "price": 0.09, "taker_side": "yes", "ticker": "KXINX-26FEB20H1600-B6812", "trade_id": "b814a9eb-e24d-6b22-d86e-eed28d34f32d", "yes_price": 9, "yes_price_dollars": "0.0900"}
{"count": 1, "count_fp": "1.00", "created_time": "2026-02-17T21:17:40.588266Z", "no_price": 92, "no_price_dollars": "0.9200", "price": 0.08, "taker_side": "yes", "ticker": "KXINX-26FEB20H1600-B6787", "trade_id": "2b86ca31-9a14-62ef-42ff-53bb2a31e262", "yes_price": 8, "yes_price_dollars": "0.0800"}
{"count": 322, "count_fp": "322.00", "created_time": "2026-02-17T21:17:40.588266Z", "no_price": 91, "no_price_dollars": "0.9100", "price": 0.09, "taker_side": "yes", "ticker": "KXINX-26FEB20H1600-B6787", "trade_id": "17af5e9a-9600-6df1-59b0-0cb97a709c04", "yes_price": 9, "yes_price_dollars": "0.0900"}
{"count": 1, "count_fp": "1.00", "created_time": "2026-02-17T21:17:23.923115Z", "no_price": 93, "no_price_dollars": "0.9300", "price": 0.07, "taker_side": "yes", "ticker": "KXINX-26FEB20H1600-B6762", "trade_id": "90825ecb-e673-4416-c7a4-26a3cef2e09e", "yes_price": 7, "yes_price_dollars": "0.0700"}
{"count": 362, "count_fp": "362.00", "created_time": "2026-02-17T21:17:23.923115Z", "no_price": 92, "no_price_dollars": "0.9200", "price": 0.08, "taker_side": "yes", "ticker": "KXINX-26FEB20H1600-B6762", "trade_id": "880b4125-71ff-462f-c25c-2f7d08bb9180", "yes_price": 8, "yes_price_dollars": "0.0800"}
{"count": 1, "count_fp": "1.00", "created_time": "2026-02-17T21:17:08.141225Z", "no_price": 94, "no_price_dollars": "0.9400", "price": 0.06, "taker_side": "yes", "ticker": "KXINX-26FEB20H1600-B6737", "trade_id": "2d888ad0-b8ea-63d3-61a7-8224d413e279", "yes_price": 6, "yes_price_dollars": "0.0600"}
{"count": 344, "count_fp": "344.00", "created_time": "2026-02-17T21:17:08.141225Z", "no_price": 93, "no_price_dollars": "0.9300", "price": 0.07, "taker_side": "yes", "ticker": "KXINX-26FEB20H1600-B6737", "trade_id": "167b2a2c-3865-6520-4946-f9851a494dd4", "yes_price": 7, "yes_price_dollars": "0.0700"}
{"count": 1, "count_fp": "1.00", "created_time": "2026-02-17T21:16:48.685975Z", "no_price": 94, "no_price_dollars": "0.9400", "price": 0.06, "taker_side": "yes", "ticker": "KXINX-26FEB20H1600-B6712", "trade_id": "f82be625-fb61-48c1-0186-d62af8381d4d", "yes_price": 6, "yes_price_dollars": "0.0600"}
{"count": 402, "count_fp": "402.00", "created_time": "2026-02-17T21:16:48.685975Z", "no_price": 94, "no_price_dollars": "0.9400", "price": 0.06, "taker_side": "yes", "ticker": "KXINX-26FEB20H1600-B6712", "trade_id": "bb12a9df-1d7d-4e72-1934-7816d9e30931", "yes_price": 6, "yes_price_dollars": "0.0600"}
{"count": 1, "count_fp": "1.00", "created_time": "2026-02-17T15:39:31.973846Z", "no_price": 94, "no_price_dollars": "0.9400", "price": 0.06, "taker_side": "yes", "ticker": "KXINX-26FEB20H1600-B6712", "trade_id": "c1f760c9-4438-4195-c578-ede05bea0067", "yes_price": 6, "yes_price_dollars": "0.0600"}
{"count": 138, "count_fp": "138.00", "created_time": "2026-02-17T14:48:41.693511Z", "no_price": 93, "no_price_dollars": "0.9300", "price": 0.07, "taker_side": "yes", "ticker": "KXINX-26FEB20H1600-B6712", "trade_id": "db3b3bb8-44db-61e9-6827-2c791b9cefeb", "yes_price": 7, "yes_price_dollars": "0.0700"}
{"count": 5, "count_fp": "5.00", "created_time": "2026-02-17T06:59:44.122951Z", "no_price": 90, "no_price_dollars": "0.9000", "price": 0.1, "taker_side": "yes", "ticker": "KXINX-26FEB20H1600-B6712", "trade_id": "bfd3bf89-6fa9-6803-1597-4dffa52b42e8", "yes_price": 10, "yes_price_dollars": "0.1000"}
{"count": 1, "count_fp": "1.00", "created_time": "2026-02-17T03:42:02.013471Z", "no_price": 80, "no_price_dollars": "0.8000", "price": 0.2, "taker_side": "yes", "ticker": "KXINX-26FEB20H1600-B6712", "trade_id": "b5699282-e4bb-7560-aca3-1eda59679866", "yes_price": 20, "yes_price_dollars": "0.2000"}
{"count": 5, "count_fp": "5.00", "created_time": "2026-02-17T06:29:38.189736Z", "no_price": 91, "no_price_dollars": "0.9100", "price": 0.09, "taker_side": "yes", "ticker": "KXINX-26FEB20H1600-B6687", "trade_id": "11fd86df-fa37-46d2-87bf-0e7ca2d373b0", "yes_price": 9, "yes_price_dollars": "0.0900"}
{"count": 1, "count_fp": "1.00", "created_time": "2026-02-17T04:58:28.765038Z", "no_price": 90, "no_price_dollars": "0.9000", "price": 0.1, "taker_side": "no", "ticker": "KXINX-26FEB20H1600-B6687", "trade_id": "6fe56421-f45d-5eac-a0fc-0378c2935f81", "yes_price": 10, "yes_price_dollars": "0.1000"}
{"count": 192, "count_fp": "192.00", "created_time": "2026-02-17T21:47:51.880119Z", "no_price": 96, "no_price_dollars": "0.9600", "price": 0.04, "taker_side": "yes", "ticker": "KXINX-26FEB20H1600-B6487", "trade_id": "57f03ba4-3c44-679a-c791-c0b99fab8b46", "yes_price": 4, "yes_price_dollars": "0.0400"}
{"count": 1, "count_fp": "1.00", "created_time": "2026-02-17T21:47:51.880119Z", "no_price": 97, "no_price_dollars": "0.9700", "price": 0.03, "taker_side": "yes", "ticker": "KXINX-26FEB20H1600-B6487", "trade_id": "178d5208-53a4-6621-d592-575379d4c296", "yes_price": 3, "yes_price_dollars": "0.0300"}
{"count": 173, "count_fp": "173.00", "created_time": "2026-02-17T18:50:21.378945Z", "no_price": 99, "no_price_dollars": "0.9900", "price": 0.01, "taker_side": "yes", "ticker": "KXINX-26FEB17H1600-T7174.9999", "trade_id": "ca36a875-48a9-7a87-140b-c8abd0f42828", "yes_price": 1, "yes_price_dollars": "0.0100"}
{"count": 4, "count_fp": "4.00", "created_time": "2026-02-17T17:06:34.344545Z", "no_price": 99, "no_price_dollars": "0.9900", "price": 0.01, "taker_side": "no", "ticker": "KXINX-26FEB17H1600-T6475", "trade_id": "f23c6d21-b25c-42df-95c5-ede05b7efc1e", "yes_price": 1, "yes_price_dollars": "0.0100"}
{"count": 5, "count_fp": "5.00", "created_time": "2026-02-17T17:04:03.628816Z", "no_price": 70, "no_price_dollars": "0.7000", "price": 0.3, "taker_side": "yes", "ticker": "KXINX-26FEB17H1600-T6475", "trade_id": "afa74594-7770-5500-3e28-c9042ae06573", "yes_price": 30, "yes_price_dollars": "0.3000"}
{"count": 41, "count_fp": "41.00", "created_time": "2026-02-17T16:32:30.908442Z", "no_price": 98, "no_price_dollars": "0.9800", "price": 0.02, "taker_side": "yes", "ticker": "KXINX-26FEB17H1600-T6475", "trade_id": "af74729f-5497-4295-3a9e-885fe5fd4e60", "yes_price": 2, "yes_price_dollars": "0.0200"}
{"count": 96, "count_fp": "96.00", "created_time": "2026-02-17T15:33:33.218743Z", "no_price": 97, "no_price_dollars": "0.9700", "price": 0.03, "taker_side": "yes", "ticker": "KXINX-26FEB17H1600-T6475", "trade_id": "6f25b5ce-c16c-68b3-8aba-e7422f16617d", "yes_price": 3, "yes_price_dollars": "0.0300"}
{"count": 3, "count_fp": "3.00", "created_time": "2026-02-17T11:31:26.157168Z", "no_price": 70, "no_price_dollars": "0.7000", "price": 0.3, "taker_side": "yes", "ticker": "KXINX-26FEB17H1600-T6475", "trade_id": "bdd85afc-a318-534c-f800-0d152fbfee03", "yes_price": 30, "yes_price_dollars": "0.3000"}
{"count": 1, "count_fp": "1.00", "created_time": "2026-02-17T07:31:11.270424Z", "no_price": 70, "no_price_dollars": "0.7000", "price": 0.3, "taker_side": "yes", "ticker": "KXINX-26FEB17H1600-T6475", "trade_id": "eaf1cb21-1c18-7700-c758-599f14ef05c3", "yes_price": 30, "yes_price_dollars": "0.3000"}
{"count": 2, "count_fp": "2.00", "created_time": "2026-02-17T07:31:11.270424Z", "no_price": 70, "no_price_dollars": "0.7000", "price": 0.3, "taker_side": "yes", "ticker": "KXINX-26FEB17H1600-T6475", "trade_id": "261c9ace-c4ee-7b83-d218-4e15621bb4cf", "yes_price": 30, "yes_price_dollars": "0.3000"}
{"count": 3, "count_fp": "3.00", "created_time": "2026-02-17T03:30:50.858879Z", "no_price": 69, "no_price_dollars": "0.6900", "price": 0.31, "taker_side": "yes", "ticker": "KXINX-26FEB17H1600-T6475", "trade_id": "114b5b1e-066d-6e41-38fc-854bc0bc0bbe", "yes_price": 31, "yes_price_dollars": "0.3100"}
{"count": 1, "count_fp": "1.00", "created_time": "2026-02-17T06:50:30.890725Z", "no_price": 95, "no_price_dollars": "0.9500", "price": 0.05, "taker_side": "no", "ticker": "KXINX-26FEB17H1600-B6962", "trade_id": "6b4d7714-a62a-7abe-c6c0-a1b662546511", "yes_price": 5, "yes_price_dollars": "0.0500"}
{"count": 16, "count_fp": "16.00", "created_time": "2026-02-17T06:26:16.141049Z", "no_price": 91, "no_price_dollars": "0.9100", "price": 0.09, "taker_side": "yes", "ticker": "KXINX-26FEB17H1600-B6962", "trade_id": "0a818306-6e7a-5f14-f397-88578c0a3533", "yes_price": 9, "yes_price_dollars": "0.0900"}
{"count": 32, "count_fp": "32.00", "created_time": "2026-02-17T14:43:32.57447Z", "no_price": 99, "no_price_dollars": "0.9900", "price": 0.01, "taker_side": "no", "ticker": "KXINX-26FEB17H1600-B6937", "trade_id": "37885587-a365-43e0-0e7a-ee53543171ca", "yes_price": 1, "yes_price_dollars": "0.0100"}
{"count": 32, "count_fp": "32.00", "created_time": "2026-02-17T14:41:49.831574Z", "no_price": 94, "no_price_dollars": "0.9400", "price": 0.06, "taker_side": "yes", "ticker": "KXINX-26FEB17H1600-B6937", "trade_id": "d8869701-3243-6a67-08e6-5eb300fcf4aa", "yes_price": 6, "yes_price_dollars": "0.0600"}
{"count": 1, "count_fp": "1.00", "created_time": "2026-02-17T03:38:18.881883Z", "no_price": 75, "no_price_dollars": "0.7500", "price": 0.25, "taker_side": "yes", "ticker": "KXINX-26FEB17H1600-B6937", "trade_id": "39b65fa7-ee4c-6330-bf5f-a730f87ffe15", "yes_price": 25, "yes_price_dollars": "0.2500"}
{"count": 1, "count_fp": "1.00", "created_time": "2026-02-17T19:28:16.375Z", "no_price": 96, "no_price_dollars": "0.9600", "price": 0.04, "taker_side": "no", "ticker": "KXINX-26FEB17H1600-B6912", "trade_id": "6455e165-92b0-59a1-d1b6-0bede24b6e19", "yes_price": 4, "yes_price_dollars": "0.0400"}
{"count": 1, "count_fp": "1.00", "created_time": "2026-02-17T18:50:59.418285Z", "no_price": 97, "no_price_dollars": "0.9700", "price": 0.03, "taker_side": "yes", "ticker": "KXINX-26FEB17H1600-B6912", "trade_id": "eec6f46a-6056-77a5-7240-1d664add9ac3", "yes_price": 3, "yes_price_dollars": "0.0300"}
{"count": 5, "count_fp": "5.00", "created_time": "2026-02-17T18:46:55.203048Z", "no_price": 93, "no_price_dollars": "0.9300", "price": 0.07, "taker_side": "yes", "ticker": "KXINX-26FEB17H1600-B6912", "trade_id": "89672a28-1061-57e9-1d92-dcccec24218c", "yes_price": 7, "yes_price_dollars": "0.0700"}
{"count": 1, "count_fp": "1.00", "created_time": "2026-02-17T18:46:55.203048Z", "no_price": 94, "no_price_dollars": "0.9400", "price": 0.06, "taker_side": "yes", "ticker": "KXINX-26FEB17H1600-B6912", "trade_id": "35fb6c57-9d3d-5e94-2b3d-d8bbf7495ca8", "yes_price": 6, "yes_price_dollars": "0.0600"}
{"count": 5, "count_fp": "5.00", "created_time": "2026-02-17T18:45:48.587238Z", "no_price": 93, "no_price_dollars": "0.9300", "price": 0.07, "taker_side": "yes", "ticker": "KXINX-26FEB17H1600-B6912", "trade_id": "da3ee919-bd61-66c5-68c0-6cd7824d51dc", "yes_price": 7, "yes_price_dollars": "0.0700"}
{"count": 1, "count_fp": "1.00", "created_time": "2026-02-17T18:45:48.587238Z", "no_price": 93, "no_price_dollars": "0.9300", "price": 0.07, "taker_side": "yes", "ticker": "KXINX-26FEB17H1600-B6912", "trade_id": "bdb192ac-d024-62ca-4f93-42442d0cf4d6", "yes_price": 7, "yes_price_dollars": "0.0700"}
{"count": 100, "count_fp": "100.00", "created_time": "2026-02-17T14:58:49.534547Z", "no_price": 95, "no_price_dollars": "0.9500", "price": 0.05, "taker_side": "no", "ticker": "KXINX-26FEB17H1600-B6912", "trade_id": "945e6a5b-e29c-66d7-885b-228e0cbf1df3", "yes_price": 5, "yes_price_dollars": "0.0500"}
{"count": 48, "count_fp": "48.00", "created_time": "2026-02-17T14:20:46.563354Z", "no_price": 92, "no_price_dollars": "0.9200", "price": 0.08, "taker_side": "yes", "ticker": "KXINX-26FEB17H1600-B6912", "trade_id": "c4bea330-36dc-465f-6fe5-aa6454a5b4dd", "yes_price": 8, "yes_price_dollars": "0.0800"}
{"count": 130, "count_fp": "130.00", "created_time": "2026-02-17T14:14:54.11515Z", "no_price": 92, "no_price_dollars": "0.9200", "price": 0.08, "taker_side": "yes", "ticker": "KXINX-26FEB17H1600-B6912", "trade_id": "59d80db4-51d0-751f-b126-bd44c20ccfb9", "yes_price": 8, "yes_price_dollars": "0.0800"}
{"count": 81, "count_fp": "81.00", "created_time": "2026-02-17T04:13:47.891454Z", "no_price": 76, "no_price_dollars": "0.7600", "price": 0.24, "taker_side": "yes", "ticker": "KXINX-26FEB17H1600-B6912", "trade_id": "43e93fab-0210-56cd-2794-4982e454dac3", "yes_price": 24, "yes_price_dollars": "0.2400"}
{"count": 5, "count_fp": "5.00", "created_time": "2026-02-17T20:51:30.100877Z", "no_price": 99, "no_price_dollars": "0.9900", "price": 0.01, "taker_side": "no", "ticker": "KXINX-26FEB17H1600-B6887", "trade_id": "9d2b903b-b81f-6e61-870d-33555c489673", "yes_price": 1, "yes_price_dollars": "0.0100"}
{"count": 3, "count_fp": "3.00", "created_time": "2026-02-17T20:51:30.100877Z", "no_price": 99, "no_price_dollars": "0.9900", "price": 0.01, "taker_side": "no", "ticker": "KXINX-26FEB17H1600-B6887", "trade_id": "54fd3d5b-8fe2-64ff-9d82-d2e45ebb8883", "yes_price": 1, "yes_price_dollars": "0.0100"}
{"count": 2, "count_fp": "2.00", "created_time": "2026-02-17T20:42:45.806899Z", "no_price": 99, "no_price_dollars": "0.9900", "price": 0.01, "taker_side": "no", "ticker": "KXINX-26FEB17H1600-B6887", "trade_id": "bc5e64b7-3dfa-4923-3a7d-831a6a5c4903", "yes_price": 1, "yes_price_dollars": "0.0100"}
{"count": 1, "count_fp": "1.00", "created_time": "2026-02-17T20:07:39.25325Z", "no_price": 95, "no_price_dollars": "0.9500", "price": 0.05, "taker_side": "no", "ticker": "KXINX-26FEB17H1600-B6887", "trade_id": "e8955f7e-1f5b-712d-60f2-a44a729d001b", "yes_price": 5, "yes_price_dollars": "0.0500"}
{"count": 500, "count_fp": "500.00", "created_time": "2026-02-17T20:07:39.25325Z", "no_price": 95, "no_price_dollars": "0.9500", "price": 0.05, "taker_side": "no", "ticker": "KXINX-26FEB17H1600-B6887", "trade_id": "374686a4-31c2-7817-4afa-806a516da047", "yes_price": 5, "yes_price_dollars": "0.0500"}
{"count": 10, "count_fp": "10.00", "created_time": "2026-02-17T20:07:15.279004Z", "no_price": 93, "no_price_dollars": "0.9300", "price": 0.07, "taker_side": "no", "ticker": "KXINX-26FEB17H1600-B6887", "trade_id": "c82b7081-ed34-65be-46fe-bba9ab1beb54", "yes_price": 7, "yes_price_dollars": "0.0700"}
{"count": 122, "count_fp": "122.00", "created_time": "2026-02-17T20:06:53.993035Z", "no_price": 90, "no_price_dollars": "0.9000", "price": 0.1, "taker_side": "yes", "ticker": "KXINX-26FEB17H1600-B6887", "trade_id": "b6885fab-f93a-72d4-d45e-905b718303a5", "yes_price": 10, "yes_price_dollars": "0.1000"}
{"count": 3, "count_fp": "3.00", "created_time": "2026-02-17T20:06:53.993035Z", "no_price": 91, "no_price_dollars": "0.9100", "price": 0.09, "taker_side": "yes", "ticker": "KXINX-26FEB17H1600-B6887", "trade_id": "b1b71f58-00a6-7563-e9ce-046e82a96480", "yes_price": 9, "yes_price_dollars": "0.0900"}
{"count": 1, "count_fp": "1.00", "created_time": "2026-02-17T20:06:53.993035Z", "no_price": 92, "no_price_dollars": "0.9200", "price": 0.08, "taker_side": "yes", "ticker": "KXINX-26FEB17H1600-B6887", "trade_id": "9e4f1abf-7773-7608-e073-8fd916a1cde1", "yes_price": 8, "yes_price_dollars": "0.0800"}
{"count": 6, "count_fp": "6.00", "created_time": "2026-02-17T20:06:31.982387Z", "no_price": 94, "no_price_dollars": "0.9400", "price": 0.06, "taker_side": "no", "ticker": "KXINX-26FEB17H1600-B6887", "trade_id": "6c4e9fbe-dc02-586f-7ca4-b8c50cb7df71", "yes_price": 6, "yes_price_dollars": "0.0600"}
{"count": 1, "count_fp": "1.00", "created_time": "2026-02-17T20:03:54.087395Z", "no_price": 93, "no_price_dollars": "0.9300", "price": 0.07, "taker_side": "no", "ticker": "KXINX-26FEB17H1600-B6887", "trade_id": "2ee7872a-17ec-7396-e1e9-9be79fcb8ee7", "yes_price": 7, "yes_price_dollars": "0.0700"}
{"count": 1, "count_fp": "1.00", "created_time": "2026-02-17T20:02:21.598976Z", "no_price": 88, "no_price_dollars": "0.8800", "price": 0.12, "taker_side": "no", "ticker": "KXINX-26FEB17H1600-B6887", "trade_id": "722bb6bc-8780-481b-6ea7-e41554ea09c5", "yes_price": 12, "yes_price_dollars": "0.1200"}
{"count": 1, "count_fp": "1.00", "created_time": "2026-02-17T20:00:40.877444Z", "no_price": 90, "no_price_dollars": "0.9000", "price": 0.1, "taker_side": "yes", "ticker": "KXINX-26FEB17H1600-B6887", "trade_id": "ffd27345-1ca2-4c21-f495-5e078bbf10a8", "yes_price": 10, "yes_price_dollars": "0.1000"}
{"count": 1, "count_fp": "1.00", "created_time": "2026-02-17T19:58:49.987215Z", "no_price": 90, "no_price_dollars": "0.9000", "price": 0.1, "taker_side": "no", "ticker": "KXINX-26FEB17H1600-B6887", "trade_id": "20663ced-d637-4105-6893-032c27845126", "yes_price": 10, "yes_price_dollars": "0.1000"}
{"count": 1, "count_fp": "1.00", "created_time": "2026-02-17T19:58:24.095585Z", "no_price": 88, "no_price_dollars": "0.8800", "price": 0.12, "taker_side": "no", "ticker": "KXINX-26FEB17H1600-B6887", "trade_id": "2609e300-7925-4ff5-7153-0b15cf448b1d", "yes_price": 12, "yes_price_dollars": "0.1200"}
{"count": 1, "count_fp": "1.00", "created_time": "2026-02-17T19:55:54.493421Z", "no_price": 85, "no_price_dollars": "0.8500", "price": 0.15, "taker_side": "yes", "ticker": "KXINX-26FEB17H1600-B6887", "trade_id": "a1db4541-b1f5-6c90-ddb5-90bd9274df92", "yes_price": 15, "yes_price_dollars": "0.1500"}
{"count": 150, "count_fp": "150.00", "created_time": "2026-02-17T19:55:54.493421Z", "no_price": 84, "no_price_dollars": "0.8400", "price": 0.16, "taker_side": "yes", "ticker": "KXINX-26FEB17H1600-B6887", "trade_id": "41ecec31-ead6-6380-c394-637d0b89ee35", "yes_price": 16, "yes_price_dollars": "0.1600"}
{"count": 1, "count_fp": "1.00", "created_time": "2026-02-17T19:54:35.209705Z", "no_price": 86, "no_price_dollars": "0.8600", "price": 0.14, "taker_side": "no", "ticker": "KXINX-26FEB17H1600-B6887", "trade_id": "1f3eff3f-6c81-4366-525f-2835a0a70b33", "yes_price": 14, "yes_price_dollars": "0.1400"}
{"count": 1, "count_fp": "1.00", "created_time": "2026-02-17T19:54:25.412124Z", "no_price": 84, "no_price_dollars": "0.8400", "price": 0.16, "taker_side": "yes", "ticker": "KXINX-26FEB17H1600-B6887", "trade_id": "598e69ee-86b9-6884-55cd-f2000aaf8acb", "yes_price": 16, "yes_price_dollars": "0.1600"}
{"count": 7, "count_fp": "7.00", "created_time": "2026-02-17T19:54:23.699056Z", "no_price": 85, "no_price_dollars": "0.8500", "price": 0.15, "taker_side": "yes", "ticker": "KXINX-26FEB17H1600-B6887", "trade_id": "4e83ed2e-fe5c-6b8a-533b-604cabdeb71a", "yes_price": 15, "yes_price_dollars": "0.1500"}
{"count": 1, "count_fp": "1.00", "created_time": "2026-02-17T19:52:29.830689Z", "no_price": 87, "no_price_dollars": "0.8700", "price": 0.13, "taker_side": "no", "ticker": "KXINX-26FEB17H1600-B6887", "trade_id": "2a1e46a0-588b-4cca-5d3b-07f911812257", "yes_price": 13, "yes_price_dollars": "0.1300"}
{"count": 1, "count_fp": "1.00", "created_time": "2026-02-17T19:51:29.167234Z", "no_price": 85, "no_price_dollars": "0.8500", "price": 0.15, "taker_side": "no", "ticker": "KXINX-26FEB17H1600-B6887", "trade_id": "2193355d-45fc-4d6d-7dc1-3c37b84724f5", "yes_price": 15, "yes_price_dollars": "0.1500"}
{"count": 51, "count_fp": "51.00", "created_time": "2026-02-17T19:51:09.301628Z", "no_price": 83, "no_price_dollars": "0.8300", "price": 0.17, "taker_side": "no", "ticker": "KXINX-26FEB17H1600-B6887", "trade_id": "f79ea94a-8751-4f85-49c0-bf27233309ec", "yes_price": 17, "yes_price_dollars": "0.1700"}
{"count": 1, "count_fp": "1.00", "created_time": "2026-02-17T19:51:09.301628Z", "no_price": 83, "no_price_dollars": "0.8300", "price": 0.17, "taker_side": "no", "ticker": "KXINX-26FEB17H1600-B6887", "trade_id": "ece5efdc-e9cb-47c4-5ee4-93f3536cbcbc", "yes_price": 17, "yes_price_dollars": "0.1700"}
{"count": 111, "count_fp": "111.00", "created_time": "2026-02-17T19:51:09.301628Z", "no_price": 83, "no_price_dollars": "0.8300", "price": 0.17, "taker_side": "no", "ticker": "KXINX-26FEB17H1600-B6887", "trade_id": "6ac7a445-7a06-4ee6-4d76-86e856ab9b7b", "yes_price": 17, "yes_price_dollars": "0.1700"}
{"count": 9, "count_fp": "9.00", "created_time": "2026-02-17T19:46:24.363313Z", "no_price": 69, "no_price_dollars": "0.6900", "price": 0.31, "taker_side": "yes", "ticker": "KXINX-26FEB17H1600-B6887", "trade_id": "cf1b8f22-c69b-5615-fcbc-e41fbd4119d3", "yes_price": 31, "yes_price_dollars": "0.3100"}
{"count": 1, "count_fp": "1.00", "created_time": "2026-02-17T19:46:24.363313Z", "no_price": 70, "no_price_dollars": "0.7000", "price": 0.3, "taker_side": "yes", "ticker": "KXINX-26FEB17H1600-B6887", "trade_id": "b16d5d16-ebe5-5190-f9ec-e76cc189e360", "yes_price": 30, "yes_price_dollars": "0.3000"}
{"count": 10, "count_fp": "10.00", "created_time": "2026-02-17T19:41:48.829286Z", "no_price": 70, "no_price_dollars": "0.7000", "price": 0.3, "taker_side": "yes", "ticker": "KXINX-26FEB17H1600-B6887", "trade_id": "71c98dd8-a6fd-6775-563d-6d3993ec80f4", "yes_price": 30, "yes_price_dollars": "0.3000"}
{"count": 5, "count_fp": "5.00", "created_time": "2026-02-17T19:41:40.006379Z", "no_price": 73, "no_price_dollars": "0.7300", "price": 0.27, "taker_side": "no", "ticker": "KXINX-26FEB17H1600-B6887", "trade_id": "534e1de6-89f3-7367-99b1-0eb7d2b868d7", "yes_price": 27, "yes_price_dollars": "0.2700"}
{"count": 1, "count_fp": "1.00", "created_time": "2026-02-17T19:41:40.006379Z", "no_price": 72, "no_price_dollars": "0.7200", "price": 0.28, "taker_side": "no", "ticker": "KXINX-26FEB17H1600-B6887", "trade_id": "39e3ab68-7d9b-786e-b9ab-998a5f31c8c3", "yes_price": 28, "yes_price_dollars": "0.2800"}
{"count": 1, "count_fp": "1.00", "created_time": "2026-02-17T19:40:37.748204Z", "no_price": 75, "no_price_dollars": "0.7500", "price": 0.25, "taker_side": "yes", "ticker": "KXINX-26FEB17H1600-B6887", "trade_id": "f2583b34-083e-689c-4e7f-d118fb6275dd", "yes_price": 25, "yes_price_dollars": "0.2500"}
{"count": 1, "count_fp": "1.00", "created_time": "2026-02-17T19:38:35.962157Z", "no_price": 74, "no_price_dollars": "0.7400", "price": 0.26, "taker_side": "no", "ticker": "KXINX-26FEB17H1600-B6887", "trade_id": "e4fb5219-e594-77dc-3ae7-21b215087371", "yes_price": 26, "yes_price_dollars": "0.2600"}
{"count": 1, "count_fp": "1.00", "created_time": "2026-02-17T19:37:53.411336Z", "no_price": 72, "no_price_dollars": "0.7200", "price": 0.28, "taker_side": "no", "ticker": "KXINX-26FEB17H1600-B6887", "trade_id": "a85dff90-2563-716d-246e-c4eb142c0a8c", "yes_price": 28, "yes_price_dollars": "0.2800"}
{"count": 1, "count_fp": "1.00", "created_time": "2026-02-17T19:36:50.100169Z", "no_price": 71, "no_price_dollars": "0.7100", "price": 0.29, "taker_side": "yes", "ticker": "KXINX-26FEB17H1600-B6887", "trade_id": "b028797d-a979-6fc8-66fb-84a38cfae44b", "yes_price": 29, "yes_price_dollars": "0.2900"}
{"count": 2, "count_fp": "2.00", "created_time": "2026-02-17T19:36:45.478926Z", "no_price": 72, "no_price_dollars": "0.7200", "price": 0.28, "taker_side": "yes", "ticker": "KXINX-26FEB17H1600-B6887", "trade_id": "74e95f49-d9c2-6c5e-750b-e952d701f085", "yes_price": 28, "yes_price_dollars": "0.2800"}
{"count": 1, "count_fp": "1.00", "created_time": "2026-02-17T19:32:02.248478Z", "no_price": 78, "no_price_dollars": "0.7800", "price": 0.22, "taker_side": "yes", "ticker": "KXINX-26FEB17H1600-B6887", "trade_id": "f977ffd9-7857-6b44-593a-dc1c2a92c8d9", "yes_price": 22, "yes_price_dollars": "0.2200"}
{"count": 1, "count_fp": "1.00", "created_time": "2026-02-17T19:31:44.872762Z", "no_price": 81, "no_price_dollars": "0.8100", "price": 0.19, "taker_side": "yes", "ticker": "KXINX-26FEB17H1600-B6887", "trade_id": "c1479bc1-b2da-6d2e-6ac4-9c5d5fc8f630", "yes_price": 19, "yes_price_dollars": "0.1900"}
{"count": 100, "count_fp": "100.00", "created_time": "2026-02-17T19:31:24.041136Z", "no_price": 84, "no_price_dollars": "0.8400", "price": 0.16, "taker_side": "no", "ticker": "KXINX-26FEB17H1600-B6887", "trade_id": "1101b6e7-eec3-4c57-baaf-553bf6175013", "yes_price": 16, "yes_price_dollars": "0.1600"}
{"count": 1, "count_fp": "1.00", "created_time": "2026-02-17T19:29:25.563891Z", "no_price": 81, "no_price_dollars": "0.8100", "price": 0.19, "taker_side": "no", "ticker": "KXINX-26FEB17H1600-B6887", "trade_id": "f523d35e-856a-7839-19a8-d1853c7efbe1", "yes_price": 19, "yes_price_dollars": "0.1900"}
{"count": 1, "count_fp": "1.00", "created_time": "2026-02-17T19:28:15.66919Z", "no_price": 78, "no_price_dollars": "0.7800", "price": 0.22, "taker_side": "no", "ticker": "KXINX-26FEB17H1600-B6887", "trade_id": "fbc502eb-e323-7a33-2b7c-53d9a7fa1c38", "yes_price": 22, "yes_price_dollars": "0.2200"}
{"count": 1, "count_fp": "1.00", "created_time": "2026-02-17T19:26:52.481672Z", "no_price": 74, "no_price_dollars": "0.7400", "price": 0.26, "taker_side": "yes", "ticker": "KXINX-26FEB17H1600-B6887", "trade_id": "aecea07b-3aa7-5ec9-29ad-e2a96b4d1d5e", "yes_price": 26, "yes_price_dollars": "0.2600"}
{"count": 17, "count_fp": "17.00", "created_time": "2026-02-17T19:26:52.481672Z", "no_price": 73, "no_price_dollars": "0.7300", "price": 0.27, "taker_side": "yes", "ticker": "KXINX-26FEB17H1600-B6887", "trade_id": "252675d4-3349-569c-1f37-277c72f9f979", "yes_price": 27, "yes_price_dollars": "0.2700"}
{"count": 1, "count_fp": "1.00", "created_time": "2026-02-17T19:25:18.065358Z", "no_price": 75, "no_price_dollars": "0.7500", "price": 0.25, "taker_side": "no", "ticker": "KXINX-26FEB17H1600-B6887", "trade_id": "a694b9c7-5536-7812-3bc7-2a4f6a872943", "yes_price": 25, "yes_price_dollars": "0.2500"}
{"count": 1, "count_fp": "1.00", "created_time": "2026-02-17T19:23:56.429709Z", "no_price": 76, "no_price_dollars": "0.7600", "price": 0.24, "taker_side": "yes", "ticker": "KXINX-26FEB17H1600-B6887", "trade_id": "ccc62552-3409-7145-a6b6-25873ddda34b", "yes_price": 24, "yes_price_dollars": "0.2400"}
{"count": 1, "count_fp": "1.00", "created_time": "2026-02-17T19:23:10.356804Z", "no_price": 79, "no_price_dollars": "0.7900", "price": 0.21, "taker_side": "yes", "ticker": "KXINX-26FEB17H1600-B6887", "trade_id": "adfdb235-9795-7e5a-85e7-ff225dea300b", "yes_price": 21, "yes_price_dollars": "0.2100"}
{"count": 1, "count_fp": "1.00", "created_time": "2026-02-17T19:21:43.597742Z", "no_price": 80, "no_price_dollars": "0.8000", "price": 0.2, "taker_side": "yes", "ticker": "KXINX-26FEB17H1600-B6887", "trade_id": "127592cf-275a-7abe-97d4-49ba70252d9f", "yes_price": 20, "yes_price_dollars": "0.2000"}
{"count": 1, "count_fp": "1.00", "created_time": "2026-02-17T19:19:20.168986Z", "no_price": 81, "no_price_dollars": "0.8100", "price": 0.19, "taker_side": "no", "ticker": "KXINX-26FEB17H1600-B6887", "trade_id": "a4cc2594-b8df-7620-3488-d32c17feffc1", "yes_price": 19, "yes_price_dollars": "0.1900"}
{"count": 1, "count_fp": "1.00", "created_time": "2026-02-17T19:16:53.706095Z", "no_price": 81, "no_price_dollars": "0.8100", "price": 0.19, "taker_side": "no", "ticker": "KXINX-26FEB17H1600-B6887", "trade_id": "c9e886d3-87a1-7778-0aca-7e19304cbf9f", "yes_price": 19, "yes_price_dollars": "0.1900"}
{"count": 1, "count_fp": "1.00", "created_time": "2026-02-17T19:12:01.302236Z", "no_price": 82, "no_price_dollars": "0.8200", "price": 0.18, "taker_side": "no", "ticker": "KXINX-26FEB17H1600-B6887", "trade_id": "96881505-9be9-79ed-3efb-d34e1da758ae", "yes_price": 18, "yes_price_dollars": "0.1800"}
{"count": 202, "count_fp": "202.00", "created_time": "2026-02-17T19:07:44.731752Z", "no_price": 76, "no_price_dollars": "0.7600", "price": 0.24, "taker_side": "yes", "ticker": "KXINX-26FEB17H1600-B6887", "trade_id": "2b8f6063-b103-659b-333e-b964687375c8", "yes_price": 24, "yes_price_dollars": "0.2400"}
{"count": 1, "count_fp": "1.00", "created_time": "2026-02-17T19:06:51.899154Z", "no_price": 77, "no_price_dollars": "0.7700", "price": 0.23, "taker_side": "no", "ticker": "KXINX-26FEB17H1600-B6887", "trade_id": "718bec3e-df4d-6f69-f031-85659df5e5db", "yes_price": 23, "yes_price_dollars": "0.2300"}
{"count": 100, "count_fp": "100.00", "created_time": "2026-02-17T19:04:43.54549Z", "no_price": 72, "no_price_dollars": "0.7200", "price": 0.28, "taker_side": "yes", "ticker": "KXINX-26FEB17H1600-B6887", "trade_id": "fe45e4e6-5848-46c0-923f-2194ed2577f0", "yes_price": 28, "yes_price_dollars": "0.2800"}
{"count": 1, "count_fp": "1.00", "created_time": "2026-02-17T19:04:43.54549Z", "no_price": 73, "no_price_dollars": "0.7300", "price": 0.27, "taker_side": "yes", "ticker": "KXINX-26FEB17H1600-B6887", "trade_id": "5db74cd1-0b63-4454-b88a-ef7d4333e7e9", "yes_price": 27, "yes_price_dollars": "0.2700"}
{"count": 73, "count_fp": "73.00", "created_time": "2026-02-17T19:04:43.54549Z", "no_price": 72, "no_price_dollars": "0.7200", "price": 0.28, "taker_side": "yes", "ticker": "KXINX-26FEB17H1600-B6887", "trade_id": "3e9821fe-6d97-4d4b-92f2-f9f8f098f304", "yes_price": 28, "yes_price_dollars": "0.2800"}
{"count": 38, "count_fp": "38.00", "created_time": "2026-02-17T19:00:11.464481Z", "no_price": 75, "no_price_dollars": "0.7500", "price": 0.25, "taker_side": "yes", "ticker": "KXINX-26FEB17H1600-B6887", "trade_id": "2827970e-5c4b-4307-12f4-e800db843bf8", "yes_price": 25, "yes_price_dollars": "0.2500"}
{"count": 1, "count_fp": "1.00", "created_time": "2026-02-17T18:59:36.867238Z", "no_price": 78, "no_price_dollars": "0.7800", "price": 0.22, "taker_side": "no", "ticker": "KXINX-26FEB17H1600-B6887", "trade_id": "14d36e4e-067e-6f48-c624-001e02a6a4fb", "yes_price": 22, "yes_price_dollars": "0.2200"}
{"count": 1, "count_fp": "1.00", "created_time": "2026-02-17T18:58:54.070967Z", "no_price": 75, "no_price_dollars": "0.7500", "price": 0.25, "taker_side": "no", "ticker": "KXINX-26FEB17H1600-B6887", "trade_id": "94ee4159-d989-658d-cf5f-9de1bb8df377", "yes_price": 25, "yes_price_dollars": "0.2500"}
{"count": 1, "count_fp": "1.00", "created_time": "2026-02-17T18:55:40.346557Z", "no_price": 75, "no_price_dollars": "0.7500", "price": 0.25, "taker_side": "yes", "ticker": "KXINX-26FEB17H1600-B6887", "trade_id": "8120f3a9-4afa-637b-754f-badfcc38d9e5", "yes_price": 25, "yes_price_dollars": "0.2500"}
{"count": 10, "count_fp": "10.00", "created_time": "2026-02-17T18:54:40.927377Z", "no_price": 77, "no_price_dollars": "0.7700", "price": 0.23, "taker_side": "yes", "ticker": "KXINX-26FEB17H1600-B6887", "trade_id": "68b3657d-ee0c-6121-4075-2c9e35f7e181", "yes_price": 23, "yes_price_dollars": "0.2300"}
{"count": 1, "count_fp": "1.00", "created_time": "2026-02-17T18:50:21.568826Z", "no_price": 82, "no_price_dollars": "0.8200", "price": 0.18, "taker_side": "no", "ticker": "KXINX-26FEB17H1600-B6887", "trade_id": "23dae2cd-8949-5394-b69a-c6417e522cdc", "yes_price": 18, "yes_price_dollars": "0.1800"}
{"count": 2, "count_fp": "2.00", "created_time": "2026-02-17T18:46:38.189462Z", "no_price": 79, "no_price_dollars": "0.7900", "price": 0.21, "taker_side": "yes", "ticker": "KXINX-26FEB17H1600-B6887", "trade_id": "03e2cf48-5cab-6bbf-4d8b-b821bd803720", "yes_price": 21, "yes_price_dollars": "0.2100"}
{"count": 1, "count_fp": "1.00", "created_time": "2026-02-17T18:46:11.308555Z", "no_price": 79, "no_price_dollars": "0.7900", "price": 0.21, "taker_side": "yes", "ticker": "KXINX-26FEB17H1600-B6887", "trade_id": "44974cc1-82a8-4400-30b0-71a66d6c1638", "yes_price": 21, "yes_price_dollars": "0.2100"}
{"count": 1, "count_fp": "1.00", "created_time": "2026-02-17T18:46:11.308555Z", "no_price": 78, "no_price_dollars": "0.7800", "price": 0.22, "taker_side": "yes", "ticker": "KXINX-26FEB17H1600-B6887", "trade_id": "0287ae5f-9cdf-4c37-0c6c-b5e2465dcf54", "yes_price": 22, "yes_price_dollars": "0.2200"}
{"count": 14, "count_fp": "14.00", "created_time": "2026-02-17T18:41:27.422602Z", "no_price": 83, "no_price_dollars": "0.8300", "price": 0.17, "taker_side": "no", "ticker": "KXINX-26FEB17H1600-B6887", "trade_id": "26a832b5-c048-68fa-cd0b-8cd286214323", "yes_price": 17, "yes_price_dollars": "0.1700"}
{"count": 1, "count_fp": "1.00", "created_time": "2026-02-17T18:40:12.894177Z", "no_price": 84, "no_price_dollars": "0.8400", "price": 0.16, "taker_side": "yes", "ticker": "KXINX-26FEB17H1600-B6887", "trade_id": "32880f2d-4eed-6875-9d17-6c4f6fd81a43", "yes_price": 16, "yes_price_dollars": "0.1600"}
{"count": 10, "count_fp": "10.00", "created_time": "2026-02-17T18:39:53.787109Z", "no_price": 87, "no_price_dollars": "0.8700", "price": 0.13, "taker_side": "yes", "ticker": "KXINX-26FEB17H1600-B6887", "trade_id": "471b5942-2df8-6e42-9e20-af4e02a4f501", "yes_price": 13, "yes_price_dollars": "0.1300"}
{"count": 172, "count_fp": "172.00", "created_time": "2026-02-17T18:30:19.014685Z", "no_price": 87, "no_price_dollars": "0.8700", "price": 0.13, "taker_side": "yes", "ticker": "KXINX-26FEB17H1600-B6887", "trade_id": "9501042e-358f-412f-98ec-6dbc9c0b198c", "yes_price": 13, "yes_price_dollars": "0.1300"}
{"count": 1, "count_fp": "1.00", "created_time": "2026-02-17T18:30:19.014685Z", "no_price": 88, "no_price_dollars": "0.8800", "price": 0.12, "taker_side": "yes", "ticker": "KXINX-26FEB17H1600-B6887", "trade_id": "01f25396-b594-4405-99de-857db6104475", "yes_price": 12, "yes_price_dollars": "0.1200"}
{"count": 1, "count_fp": "1.00", "created_time": "2026-02-17T18:22:32.792393Z", "no_price": 95, "no_price_dollars": "0.9500", "price": 0.05, "taker_side": "yes", "ticker": "KXINX-26FEB17H1600-B6887", "trade_id": "353b459b-14b0-60cd-b020-fbba4368080a", "yes_price": 5, "yes_price_dollars": "0.0500"}
{"count": 1, "count_fp": "1.00", "created_time": "2026-02-17T16:57:25.467101Z", "no_price": 85, "no_price_dollars": "0.8500", "price": 0.15, "taker_side": "no", "ticker": "KXINX-26FEB17H1600-B6887", "trade_id": "657d236d-d112-5e2b-7ab0-338ed5b6f4e8", "yes_price": 15, "yes_price_dollars": "0.1500"}
{"count": 49, "count_fp": "49.00", "created_time": "2026-02-17T16:28:07.579516Z", "no_price": 83, "no_price_dollars": "0.8300", "price": 0.17, "taker_side": "no", "ticker": "KXINX-26FEB17H1600-B6887", "trade_id": "a7a6571d-1598-50ba-6a32-0d41a28a12f7", "yes_price": 17, "yes_price_dollars": "0.1700"}
{"count": 1, "count_fp": "1.00", "created_time": "2026-02-17T16:27:58.364776Z", "no_price": 83, "no_price_dollars": "0.8300", "price": 0.17, "taker_side": "yes", "ticker": "KXINX-26FEB17H1600-B6887", "trade_id": "ce57bb8c-0f76-6954-6085-58d88b4fea22", "yes_price": 17, "yes_price_dollars": "0.1700"}
{"count": 31, "count_fp": "31.00", "created_time": "2026-02-17T15:00:51.191363Z", "no_price": 93, "no_price_dollars": "0.9300", "price": 0.07, "taker_side": "yes", "ticker": "KXINX-26FEB17H1600-B6887", "trade_id": "e46380b3-82cc-52ff-a6fd-64e6726576bb", "yes_price": 7, "yes_price_dollars": "0.0700"}
{"count": 30, "count_fp": "30.00", "created_time": "2026-02-17T14:48:40.706308Z", "no_price": 86, "no_price_dollars": "0.8600", "price": 0.14, "taker_side": "yes", "ticker": "KXINX-26FEB17H1600-B6887", "trade_id": "50dffcae-1b6c-7703-320e-fb5d3dc2d007", "yes_price": 14, "yes_price_dollars": "0.1400"}
{"count": 30, "count_fp": "30.00", "created_time": "2026-02-17T14:19:43.876771Z", "no_price": 87, "no_price_dollars": "0.8700", "price": 0.13, "taker_side": "yes", "ticker": "KXINX-26FEB17H1600-B6887", "trade_id": "4b523c17-2364-5357-fb96-c0d7d7ec903b", "yes_price": 13, "yes_price_dollars": "0.1300"}
{"count": 6, "count_fp": "6.00", "created_time": "2026-02-17T08:27:24.575955Z", "no_price": 97, "no_price_dollars": "0.9700", "price": 0.03, "taker_side": "no", "ticker": "KXINX-26FEB17H1600-B6887", "trade_id": "32ed5f62-f630-5d9e-64e9-39894abc2add", "yes_price": 3, "yes_price_dollars": "0.0300"}
{"count": 8, "count_fp": "8.00", "created_time": "2026-02-17T08:27:24.47809Z", "no_price": 97, "no_price_dollars": "0.9700", "price": 0.03, "taker_side": "no", "ticker": "KXINX-26FEB17H1600-B6887", "trade_id": "9e84343b-c900-6b02-c6f7-05d36cb21de1", "yes_price": 3, "yes_price_dollars": "0.0300"}
{"count": 93, "count_fp": "93.00", "created_time": "2026-02-17T04:11:40.999264Z", "no_price": 74, "no_price_dollars": "0.7400", "price": 0.26, "taker_side": "yes", "ticker": "KXINX-26FEB17H1600-B6887", "trade_id": "cb9f119a-792a-7539-3cc9-178b21482bd8", "yes_price": 26, "yes_price_dollars": "0.2600"}
{"count": 3, "count_fp": "3.00", "created_time": "2026-02-17T03:38:34.560039Z", "no_price": 72, "no_price_dollars": "0.7200", "price": 0.28, "taker_side": "yes", "ticker": "KXINX-26FEB17H1600-B6887", "trade_id": "aea872d4-dbca-690d-2398-1407b3d43674", "yes_price": 28, "yes_price_dollars": "0.2800"}
{"count": 14, "count_fp": "14.00", "created_time": "2026-02-17T20:57:46.495167Z", "no_price": 98, "no_price_dollars": "0.9800", "price": 0.02, "taker_side": "yes", "ticker": "KXINX-26FEB17H1600-B6862", "trade_id": "a7f4560b-f991-4399-6b53-1df44e35ca2c", "yes_price": 2, "yes_price_dollars": "0.0200"}
{"count": 364, "count_fp": "364.00", "created_time": "2026-02-17T20:57:45.233618Z", "no_price": 99, "no_price_dollars": "0.9900", "price": 0.01, "taker_side": "no", "ticker": "KXINX-26FEB17H1600-B6862", "trade_id": "d406924b-19a7-6126-76db-0d2abb330b2b", "yes_price": 1, "yes_price_dollars": "0.0100"}
{"count": 10, "count_fp": "10.00", "created_time": "2026-02-17T20:57:45.233618Z", "no_price": 99, "no_price_dollars": "0.9900", "price": 0.01, "taker_side": "no", "ticker": "KXINX-26FEB17H1600-B6862", "trade_id": "546ad5df-ed70-67a8-6d85-edbb2534f20f", "yes_price": 1, "yes_price_dollars": "0.0100"}
{"count": 5, "count_fp": "5.00", "created_time": "2026-02-17T20:57:31.681282Z", "no_price": 97, "no_price_dollars": "0.9700", "price": 0.03, "taker_side": "no", "ticker": "KXINX-26FEB17H1600-B6862", "trade_id": "d51fc25a-d21d-62de-60bc-537ff3dd4848", "yes_price": 3, "yes_price_dollars": "0.0300"}
{"count": 15, "count_fp": "15.00", "created_time": "2026-02-17T20:56:20.305118Z", "no_price": 96, "no_price_dollars": "0.9600", "price": 0.04, "taker_side": "yes", "ticker": "KXINX-26FEB17H1600-B6862", "trade_id": "85c5e623-aa21-6dc0-f00d-e185a1e17c63", "yes_price": 4, "yes_price_dollars": "0.0400"}
{"count": 818, "count_fp": "818.00", "created_time": "2026-02-17T20:56:20.305118Z", "no_price": 96, "no_price_dollars": "0.9600", "price": 0.04, "taker_side": "yes", "ticker": "KXINX-26FEB17H1600-B6862", "trade_id": "3802834e-62a9-602c-cc2b-4882661682c2", "yes_price": 4, "yes_price_dollars": "0.0400"}
{"count": 5, "count_fp": "5.00", "created_time": "2026-02-17T20:56:10.163891Z", "no_price": 95, "no_price_dollars": "0.9500", "price": 0.05, "taker_side": "no", "ticker": "KXINX-26FEB17H1600-B6862", "trade_id": "2480efed-483e-510b-0d68-a44ffd7ebf12", "yes_price": 5, "yes_price_dollars": "0.0500"}
{"count": 857, "count_fp": "857.00", "created_time": "2026-02-17T20:54:40.33607Z", "no_price": 92, "no_price_dollars": "0.9200", "price": 0.08, "taker_side": "no", "ticker": "KXINX-26FEB17H1600-B6862", "trade_id": "e0d87356-d659-51ce-0506-a487d0b3d94a", "yes_price": 8, "yes_price_dollars": "0.0800"}
{"count": 1, "count_fp": "1.00", "created_time": "2026-02-17T20:54:40.33607Z", "no_price": 92, "no_price_dollars": "0.9200", "price": 0.08, "taker_side": "no", "ticker": "KXINX-26FEB17H1600-B6862", "trade_id": "dea91554-de1d-518e-1d78-91a6035d3f07", "yes_price": 8, "yes_price_dollars": "0.0800"}
{"count": 29, "count_fp": "29.00", "created_time": "2026-02-17T20:54:40.33607Z", "no_price": 91, "no_price_dollars": "0.9100", "price": 0.09, "taker_side": "no", "ticker": "KXINX-26FEB17H1600-B6862", "trade_id": "89b53ad1-624c-5441-2196-052259cda9c0", "yes_price": 9, "yes_price_dollars": "0.0900"}
{"count": 1, "count_fp": "1.00", "created_time": "2026-02-17T20:54:02.523544Z", "no_price": 87, "no_price_dollars": "0.8700", "price": 0.13, "taker_side": "yes", "ticker": "KXINX-26FEB17H1600-B6862", "trade_id": "3815339d-41b6-62cd-f7f8-a87da79544c6", "yes_price": 13, "yes_price_dollars": "0.1300"}
{"count": 20, "count_fp": "20.00", "created_time": "2026-02-17T20:53:55.626993Z", "no_price": 87, "no_price_dollars": "0.8700", "price": 0.13, "taker_side": "yes", "ticker": "KXINX-26FEB17H1600-B6862", "trade_id": "06a59d81-a45d-5239-73a8-69ed6c0aba9f", "yes_price": 13, "yes_price_dollars": "0.1300"}
{"count": 1, "count_fp": "1.00", "created_time": "2026-02-17T20:53:34.965103Z", "no_price": 79, "no_price_dollars": "0.7900", "price": 0.21, "taker_side": "yes", "ticker": "KXINX-26FEB17H1600-B6862", "trade_id": "76be30b8-d140-7c7d-4756-55bf16d67e62", "yes_price": 21, "yes_price_dollars": "0.2100"}
{"count": 12, "count_fp": "12.00", "created_time": "2026-02-17T20:53:31.334425Z", "no_price": 81, "no_price_dollars": "0.8100", "price": 0.19, "taker_side": "yes", "ticker": "KXINX-26FEB17H1600-B6862", "trade_id": "62fdb48c-5c2b-4396-a9a5-85424fd802e6", "yes_price": 19, "yes_price_dollars": "0.1900"}
{"count": 1, "count_fp": "1.00", "created_time": "2026-02-17T20:53:26.676824Z", "no_price": 87, "no_price_dollars": "0.8700", "price": 0.13, "taker_side": "yes", "ticker": "KXINX-26FEB17H1600-B6862", "trade_id": "1f1257f3-86e2-5978-0c73-7e3378728023", "yes_price": 13, "yes_price_dollars": "0.1300"}
{"count": 1, "count_fp": "1.00", "created_time": "2026-02-17T20:53:14.969727Z", "no_price": 87, "no_price_dollars": "0.8700", "price": 0.13, "taker_side": "yes", "ticker": "KXINX-26FEB17H1600-B6862", "trade_id": "35854504-9395-50d7-3588-bf757118652c", "yes_price": 13, "yes_price_dollars": "0.1300"}
{"count": 12, "count_fp": "12.00", "created_time": "2026-02-17T20:53:11.996031Z", "no_price": 89, "no_price_dollars": "0.8900", "price": 0.11, "taker_side": "yes", "ticker": "KXINX-26FEB17H1600-B6862", "trade_id": "e3ecaaec-48b9-56b1-07c6-7d3a649beb48", "yes_price": 11, "yes_price_dollars": "0.1100"}
{"count": 49, "count_fp": "49.00", "created_time": "2026-02-17T20:53:11.996031Z", "no_price": 89, "no_price_dollars": "0.8900", "price": 0.11, "taker_side": "yes", "ticker": "KXINX-26FEB17H1600-B6862", "trade_id": "9c1b4282-9c9d-54d5-328c-b0c277671a82", "yes_price": 11, "yes_price_dollars": "0.1100"}
{"count": 33, "count_fp": "33.00", "created_time": "2026-02-17T20:53:00.708914Z", "no_price": 88, "no_price_dollars": "0.8800", "price": 0.12, "taker_side": "no", "ticker": "KXINX-26FEB17H1600-B6862", "trade_id": "e57b5190-6bcf-7907-5428-bd1db2c092e1", "yes_price": 12, "yes_price_dollars": "0.1200"}
{"count": 24, "count_fp": "24.00", "created_time": "2026-02-17T20:53:00.708914Z", "no_price": 88, "no_price_dollars": "0.8800", "price": 0.12, "taker_side": "no", "ticker": "KXINX-26FEB17H1600-B6862", "trade_id": "7cfcc2d4-886c-70e4-5082-a9268bcabe54", "yes_price": 12, "yes_price_dollars": "0.1200"}
{"count": 1, "count_fp": "1.00", "created_time": "2026-02-17T20:52:24.403232Z", "no_price": 84, "no_price_dollars": "0.8400", "price": 0.16, "taker_side": "yes", "ticker": "KXINX-26FEB17H1600-B6862", "trade_id": "dbb0f6ee-dd9b-443d-872c-1aebdacb281b", "yes_price": 16, "yes_price_dollars": "0.1600"}
{"count": 4, "count_fp": "4.00", "created_time": "2026-02-17T20:52:24.200298Z", "no_price": 85, "no_price_dollars": "0.8500", "price": 0.15, "taker_side": "yes", "ticker": "KXINX-26FEB17H1600-B6862", "trade_id": "909893f7-6bea-42dc-80f1-0ae1358f6f0a", "yes_price": 15, "yes_price_dollars": "0.1500"}
{"count": 4, "count_fp": "4.00", "created_time": "2026-02-17T20:52:17.266201Z", "no_price": 88, "no_price_dollars": "0.8800", "price": 0.12, "taker_side": "yes", "ticker": "KXINX-26FEB17H1600-B6862", "trade_id": "c3f0d953-7322-43c5-8d93-3227e4d4988e", "yes_price": 12, "yes_price_dollars": "0.1200"}
{"count": 1, "count_fp": "1.00", "created_time": "2026-02-17T20:52:08.462433Z", "no_price": 89, "no_price_dollars": "0.8900", "price": 0.11, "taker_side": "no", "ticker": "KXINX-26FEB17H1600-B6862", "trade_id": "ce9a2429-af5e-511f-47e0-7b76993db9cb", "yes_price": 11, "yes_price_dollars": "0.1100"}
{"count": 5, "count_fp": "5.00", "created_time": "2026-02-17T20:51:58.423249Z", "no_price": 87, "no_price_dollars": "0.8700", "price": 0.13, "taker_side": "no", "ticker": "KXINX-26FEB17H1600-B6862", "trade_id": "ef41af9e-d2c4-73f8-c682-aa43ea5b1631", "yes_price": 13, "yes_price_dollars": "0.1300"}
{"count": 1, "count_fp": "1.00", "created_time": "2026-02-17T20:51:48.901163Z", "no_price": 82, "no_price_dollars": "0.8200", "price": 0.18, "taker_side": "no", "ticker": "KXINX-26FEB17H1600-B6862", "trade_id": "7522465d-3b29-7507-d5a1-24e603a45da0", "yes_price": 18, "yes_price_dollars": "0.1800"}
{"count": 1, "count_fp": "1.00", "created_time": "2026-02-17T20:51:37.128017Z", "no_price": 78, "no_price_dollars": "0.7800", "price": 0.22, "taker_side": "no", "ticker": "KXINX-26FEB17H1600-B6862", "trade_id": "13f8b4ff-3a6b-78e0-cef9-92d310b9a059", "yes_price": 22, "yes_price_dollars": "0.2200"}
{"count": 8, "count_fp": "8.00", "created_time": "2026-02-17T20:51:30.101549Z", "no_price": 79, "no_price_dollars": "0.7900", "price": 0.21, "taker_side": "no", "ticker": "KXINX-26FEB17H1600-B6862", "trade_id": "ea75e6ed-3b48-4729-af9c-47da307bd871", "yes_price": 21, "yes_price_dollars": "0.2100"}
{"count": 46, "count_fp": "46.00", "created_time": "2026-02-17T20:51:13.485904Z", "no_price": 84, "no_price_dollars": "0.8400", "price": 0.16, "taker_side": "yes", "ticker": "KXINX-26FEB17H1600-B6862", "trade_id": "b8559ed8-48be-6e14-cb26-b068c8ee9503", "yes_price": 16, "yes_price_dollars": "0.1600"}
{"count": 2, "count_fp": "2.00", "created_time": "2026-02-17T20:50:57.329847Z", "no_price": 79, "no_price_dollars": "0.7900", "price": 0.21, "taker_side": "no", "ticker": "KXINX-26FEB17H1600-B6862", "trade_id": "f0738632-94d1-7e5e-8a5a-93fd44acbc28", "yes_price": 21, "yes_price_dollars": "0.2100"}
{"count": 5, "count_fp": "5.00", "created_time": "2026-02-17T20:50:57.31377Z", "no_price": 77, "no_price_dollars": "0.7700", "price": 0.23, "taker_side": "no", "ticker": "KXINX-26FEB17H1600-B6862", "trade_id": "3dd56086-c361-7edd-eb0f-5defd1817927", "yes_price": 23, "yes_price_dollars": "0.2300"}
{"count": 35, "count_fp": "35.00", "created_time": "2026-02-17T20:50:56.265393Z", "no_price": 71, "no_price_dollars": "0.7100", "price": 0.29, "taker_side": "no", "ticker": "KXINX-26FEB17H1600-B6862", "trade_id": "85d1e1f7-77bc-7b73-8e69-4f6c84428ae7", "yes_price": 29, "yes_price_dollars": "0.2900"}
{"count": 1, "count_fp": "1.00", "created_time": "2026-02-17T20:50:54.170588Z", "no_price": 67, "no_price_dollars": "0.6700", "price": 0.33, "taker_side": "no", "ticker": "KXINX-26FEB17H1600-B6862", "trade_id": "99a0b966-f932-74ad-a128-ea9909ad8615", "yes_price": 33, "yes_price_dollars": "0.3300"}
{"count": 1, "count_fp": "1.00", "created_time": "2026-02-17T20:50:44.90383Z", "no_price": 64, "no_price_dollars": "0.6400", "price": 0.36, "taker_side": "yes", "ticker": "KXINX-26FEB17H1600-B6862", "trade_id": "e79f7802-af49-51cf-405e-6d90f1a08c8b", "yes_price": 36, "yes_price_dollars": "0.3600"}
{"count": 1, "count_fp": "1.00", "created_time": "2026-02-17T20:50:42.461194Z", "no_price": 67, "no_price_dollars": "0.6700", "price": 0.33, "taker_side": "yes", "ticker": "KXINX-26FEB17H1600-B6862", "trade_id": "e5661be2-f7b8-5738-7b19-16d8f38899e2", "yes_price": 33, "yes_price_dollars": "0.3300"}
{"count": 1, "count_fp": "1.00", "created_time": "2026-02-17T20:50:19.941678Z", "no_price": 56, "no_price_dollars": "0.5600", "price": 0.44, "taker_side": "yes", "ticker": "KXINX-26FEB17H1600-B6862", "trade_id": "5af78f48-5c72-508e-c272-67ee821f84d6", "yes_price": 44, "yes_price_dollars": "0.4400"}
{"count": 1, "count_fp": "1.00", "created_time": "2026-02-17T20:50:12.989694Z", "no_price": 51, "no_price_dollars": "0.5100", "price": 0.49, "taker_side": "yes", "ticker": "KXINX-26FEB17H1600-B6862", "trade_id": "71f79619-868b-5265-d703-101b594ce684", "yes_price": 49, "yes_price_dollars": "0.4900"}
{"count": 1, "count_fp": "1.00", "created_time": "2026-02-17T20:50:00.147455Z", "no_price": 67, "no_price_dollars": "0.6700", "price": 0.33, "taker_side": "yes", "ticker": "KXINX-26FEB17H1600-B6862", "trade_id": "a85711ec-921c-78a5-6b86-9064d9623975", "yes_price": 33, "yes_price_dollars": "0.3300"}
{"count": 1, "count_fp": "1.00", "created_time": "2026-02-17T20:49:26.154437Z", "no_price": 69, "no_price_dollars": "0.6900", "price": 0.31, "taker_side": "yes", "ticker": "KXINX-26FEB17H1600-B6862", "trade_id": "65262e4a-f44f-740a-01fa-49050ddbd549", "yes_price": 31, "yes_price_dollars": "0.3100"}
{"count": 1, "count_fp": "1.00", "created_time": "2026-02-17T20:48:54.25745Z", "no_price": 67, "no_price_dollars": "0.6700", "price": 0.33, "taker_side": "yes", "ticker": "KXINX-26FEB17H1600-B6862", "trade_id": "45b492f9-00f4-4541-b01b-f3f751dce827", "yes_price": 33, "yes_price_dollars": "0.3300"}
{"count": 1, "count_fp": "1.00", "created_time": "2026-02-17T20:48:42.612956Z", "no_price": 73, "no_price_dollars": "0.7300", "price": 0.27, "taker_side": "yes", "ticker": "KXINX-26FEB17H1600-B6862", "trade_id": "60814205-3e3c-41ec-b28d-663e5a6e42d4", "yes_price": 27, "yes_price_dollars": "0.2700"}
{"count": 1, "count_fp": "1.00", "created_time": "2026-02-17T20:47:40.993283Z", "no_price": 73, "no_price_dollars": "0.7300", "price": 0.27, "taker_side": "no", "ticker": "KXINX-26FEB17H1600-B6862", "trade_id": "209d0873-11c0-465f-42b9-9353785b91dc", "yes_price": 27, "yes_price_dollars": "0.2700"}
{"count": 5, "count_fp": "5.00", "created_time": "2026-02-17T20:47:37.72899Z", "no_price": 70, "no_price_dollars": "0.7000", "price": 0.3, "taker_side": "yes", "ticker": "KXINX-26FEB17H1600-B6862", "trade_id": "93c94a7f-7b20-532b-73b9-6fd57a6bbc9a", "yes_price": 30, "yes_price_dollars": "0.3000"}
{"count": 1, "count_fp": "1.00", "created_time": "2026-02-17T20:47:34.623219Z", "no_price": 70, "no_price_dollars": "0.7000", "price": 0.3, "taker_side": "no", "ticker": "KXINX-26FEB17H1600-B6862", "trade_id": "3f982769-efc2-4e3c-6124-18c04d0add89", "yes_price": 30, "yes_price_dollars": "0.3000"}
{"count": 5, "count_fp": "5.00", "created_time": "2026-02-17T20:47:26.0863Z", "no_price": 70, "no_price_dollars": "0.7000", "price": 0.3, "taker_side": "no", "ticker": "KXINX-26FEB17H1600-B6862", "trade_id": "b40453d3-9b89-4a5d-a043-3506466c62db", "yes_price": 30, "yes_price_dollars": "0.3000"}
{"count": 3, "count_fp": "3.00", "created_time": "2026-02-17T20:47:25.657764Z", "no_price": 69, "no_price_dollars": "0.6900", "price": 0.31, "taker_side": "no", "ticker": "KXINX-26FEB17H1600-B6862", "trade_id": "506d0278-4f8c-40cf-80ac-20b5a9e6ebe2", "yes_price": 31, "yes_price_dollars": "0.3100"}
{"count": 1, "count_fp": "1.00", "created_time": "2026-02-17T20:47:25.372145Z", "no_price": 68, "no_price_dollars": "0.6800", "price": 0.32, "taker_side": "no", "ticker": "KXINX-26FEB17H1600-B6862", "trade_id": "45cb7ad1-c311-410e-90d3-a425d654acea", "yes_price": 32, "yes_price_dollars": "0.3200"}
{"count": 18, "count_fp": "18.00", "created_time": "2026-02-17T20:46:47.713735Z", "no_price": 62, "no_price_dollars": "0.6200", "price": 0.38, "taker_side": "no", "ticker": "KXINX-26FEB17H1600-B6862", "trade_id": "7851b7ca-495d-686e-56e5-91e6e2da2b57", "yes_price": 38, "yes_price_dollars": "0.3800"}
{"count": 1, "count_fp": "1.00", "created_time": "2026-02-17T20:46:41.40656Z", "no_price": 62, "no_price_dollars": "0.6200", "price": 0.38, "taker_side": "yes", "ticker": "KXINX-26FEB17H1600-B6862", "trade_id": "f73a4c38-8377-6b6a-1f1a-e7ae19ccbfbd", "yes_price": 38, "yes_price_dollars": "0.3800"}
{"count": 12, "count_fp": "12.00", "created_time": "2026-02-17T20:46:16.004461Z", "no_price": 64, "no_price_dollars": "0.6400", "price": 0.36, "taker_side": "no", "ticker": "KXINX-26FEB17H1600-B6862", "trade_id": "4a4594c2-bc36-65e4-02be-f6af85ca15c7", "yes_price": 36, "yes_price_dollars": "0.3600"}
{"count": 1, "count_fp": "1.00", "created_time": "2026-02-17T20:46:16.004461Z", "no_price": 64, "no_price_dollars": "0.6400", "price": 0.36, "taker_side": "no", "ticker": "KXINX-26FEB17H1600-B6862", "trade_id": "373312b7-3ecc-63d8-3bef-c30d75469441", "yes_price": 36, "yes_price_dollars": "0.3600"}
{"count": 1, "count_fp": "1.00", "created_time": "2026-02-17T20:46:09.314344Z", "no_price": 65, "no_price_dollars": "0.6500", "price": 0.35, "taker_side": "no", "ticker": "KXINX-26FEB17H1600-B6862", "trade_id": "40157a4b-e099-6feb-272c-d6d8b5e138b5", "yes_price": 35, "yes_price_dollars": "0.3500"}
{"count": 30, "count_fp": "30.00", "created_time": "2026-02-17T20:46:03.908467Z", "no_price": 67, "no_price_dollars": "0.6700", "price": 0.33, "taker_side": "no", "ticker": "KXINX-26FEB17H1600-B6862", "trade_id": "f5867f5d-380a-7aa0-16ea-c198fc4c6c6f", "yes_price": 33, "yes_price_dollars": "0.3300"}
{"count": 1, "count_fp": "1.00", "created_time": "2026-02-17T20:45:56.836906Z", "no_price": 64, "no_price_dollars": "0.6400", "price": 0.36, "taker_side": "no", "ticker": "KXINX-26FEB17H1600-B6862", "trade_id": "42d120b2-4f57-6379-37a2-1b6940bbd45a", "yes_price": 36, "yes_price_dollars": "0.3600"}
{"count": 1, "count_fp": "1.00", "created_time": "2026-02-17T20:45:49.145819Z", "no_price": 60, "no_price_dollars": "0.6000", "price": 0.4, "taker_side": "no", "ticker": "KXINX-26FEB17H1600-B6862", "trade_id": "ba95cf16-f675-6a29-2bfd-7141a0d2a850", "yes_price": 40, "yes_price_dollars": "0.4000"}
{"count": 1, "count_fp": "1.00", "created_time": "2026-02-17T20:45:17.548055Z", "no_price": 56, "no_price_dollars": "0.5600", "price": 0.44, "taker_side": "no", "ticker": "KXINX-26FEB17H1600-B6862", "trade_id": "74aa369a-c3fb-6536-29af-059f2834efa1", "yes_price": 44, "yes_price_dollars": "0.4400"}
{"count": 1, "count_fp": "1.00", "created_time": "2026-02-17T20:45:00.248983Z", "no_price": 56, "no_price_dollars": "0.5600", "price": 0.44, "taker_side": "no", "ticker": "KXINX-26FEB17H1600-B6862", "trade_id": "f9615d95-68a9-645e-0acd-a9e5692e0e5d", "yes_price": 44, "yes_price_dollars": "0.4400"}
{"count": 100, "count_fp": "100.00", "created_time": "2026-02-17T20:44:52.120094Z", "no_price": 53, "no_price_dollars": "0.5300", "price": 0.47, "taker_side": "no", "ticker": "KXINX-26FEB17H1600-B6862", "trade_id": "425d1a1e-860c-6b26-2ecc-ccfc6250c7f2", "yes_price": 47, "yes_price_dollars": "0.4700"}
{"count": 1, "count_fp": "1.00", "created_time": "2026-02-17T20:44:50.225876Z", "no_price": 52, "no_price_dollars": "0.5200", "price": 0.48, "taker_side": "no", "ticker": "KXINX-26FEB17H1600-B6862", "trade_id": "5ec6c246-27b9-60e0-3ef6-c8822a92246b", "yes_price": 48, "yes_price_dollars": "0.4800"}
{"count": 1, "count_fp": "1.00", "created_time": "2026-02-17T20:44:16.741214Z", "no_price": 56, "no_price_dollars": "0.5600", "price": 0.44, "taker_side": "yes", "ticker": "KXINX-26FEB17H1600-B6862", "trade_id": "9528d83a-08b2-5564-8300-3f70353d2f6b", "yes_price": 44, "yes_price_dollars": "0.4400"}
{"count": 10, "count_fp": "10.00", "created_time": "2026-02-17T20:43:56.365215Z", "no_price": 61, "no_price_dollars": "0.6100", "price": 0.39, "taker_side": "yes", "ticker": "KXINX-26FEB17H1600-B6862", "trade_id": "6116eca4-fbac-5f15-9a5c-25c5950d9d8a", "yes_price": 39, "yes_price_dollars": "0.3900"}
{"count": 1, "count_fp": "1.00", "created_time": "2026-02-17T20:43:51.80917Z", "no_price": 63, "no_price_dollars": "0.6300", "price": 0.37, "taker_side": "no", "ticker": "KXINX-26FEB17H1600-B6862", "trade_id": "4821a402-fe63-7d67-1598-c36956ebe377", "yes_price": 37, "yes_price_dollars": "0.3700"}
{"count": 10, "count_fp": "10.00", "created_time": "2026-02-17T20:43:44.683859Z", "no_price": 60, "no_price_dollars": "0.6000", "price": 0.4, "taker_side": "no", "ticker": "KXINX-26FEB17H1600-B6862", "trade_id": "3a8b2604-8b2f-738a-0496-155c672d5c78", "yes_price": 40, "yes_price_dollars": "0.4000"}
{"count": 10, "count_fp": "10.00", "created_time": "2026-02-17T20:42:48.018845Z", "no_price": 63, "no_price_dollars": "0.6300", "price": 0.37, "taker_side": "no", "ticker": "KXINX-26FEB17H1600-B6862", "trade_id": "badacf08-f2bf-7c87-13ba-15a9ad582385", "yes_price": 37, "yes_price_dollars": "0.3700"}
{"count": 2, "count_fp": "2.00", "created_time": "2026-02-17T20:42:45.804568Z", "no_price": 62, "no_price_dollars": "0.6200", "price": 0.38, "taker_side": "no", "ticker": "KXINX-26FEB17H1600-B6862", "trade_id": "f3207a70-cd59-6547-cc4d-98ec02d1e6b4", "yes_price": 38, "yes_price_dollars": "0.3800"}
{"count": 1, "count_fp": "1.00", "created_time": "2026-02-17T20:42:36.65909Z", "no_price": 68, "no_price_dollars": "0.6800", "price": 0.32, "taker_side": "yes", "ticker": "KXINX-26FEB17H1600-B6862", "trade_id": "edcb2836-68e0-59b8-b7a1-2aa14d69b275", "yes_price": 32, "yes_price_dollars": "0.3200"}
{"count": 10, "count_fp": "10.00", "created_time": "2026-02-17T20:42:02.51025Z", "no_price": 70, "no_price_dollars": "0.7000", "price": 0.3, "taker_side": "yes", "ticker": "KXINX-26FEB17H1600-B6862", "trade_id": "0efdbb7b-1e80-5ae6-9b89-3d947825f6c4", "yes_price": 30, "yes_price_dollars": "0.3000"}
{"count": 1, "count_fp": "1.00", "created_time": "2026-02-17T20:41:59.910918Z", "no_price": 71, "no_price_dollars": "0.7100", "price": 0.29, "taker_side": "yes", "ticker": "KXINX-26FEB17H1600-B6862", "trade_id": "da2b0de2-69e2-5910-9acd-a2ca7b99527f", "yes_price": 29, "yes_price_dollars": "0.2900"}
{"count": 1, "count_fp": "1.00", "created_time": "2026-02-17T20:41:50.151861Z", "no_price": 72, "no_price_dollars": "0.7200", "price": 0.28, "taker_side": "yes", "ticker": "KXINX-26FEB17H1600-B6862", "trade_id": "2c9a688b-91f9-5f21-bffc-760d42417e6c", "yes_price": 28, "yes_price_dollars": "0.2800"}
{"count": 61, "count_fp": "61.00", "created_time": "2026-02-17T20:41:46.421632Z", "no_price": 71, "no_price_dollars": "0.7100", "price": 0.29, "taker_side": "yes", "ticker": "KXINX-26FEB17H1600-B6862", "trade_id": "8a0ee4ad-936d-722f-1f7e-7e4637840ecf", "yes_price": 29, "yes_price_dollars": "0.2900"}
{"count": 1, "count_fp": "1.00", "created_time": "2026-02-17T20:41:39.751321Z", "no_price": 77, "no_price_dollars": "0.7700", "price": 0.23, "taker_side": "yes", "ticker": "KXINX-26FEB17H1600-B6862", "trade_id": "be1417d4-e49a-522d-a035-e36f755dee23", "yes_price": 23, "yes_price_dollars": "0.2300"}
{"count": 1, "count_fp": "1.00", "created_time": "2026-02-17T20:41:26.838312Z", "no_price": 79, "no_price_dollars": "0.7900", "price": 0.21, "taker_side": "yes", "ticker": "KXINX-26FEB17H1600-B6862", "trade_id": "2db5e8cd-7e40-5abb-b923-13eae8a998a8", "yes_price": 21, "yes_price_dollars": "0.2100"}
{"count": 1, "count_fp": "1.00", "created_time": "2026-02-17T20:40:55.256463Z", "no_price": 81, "no_price_dollars": "0.8100", "price": 0.19, "taker_side": "yes", "ticker": "KXINX-26FEB17H1600-B6862", "trade_id": "ee1d479c-221a-552f-9612-e63b76a57d49", "yes_price": 19, "yes_price_dollars": "0.1900"}
{"count": 10, "count_fp": "10.00", "created_time": "2026-02-17T20:40:11.580786Z", "no_price": 82, "no_price_dollars": "0.8200", "price": 0.18, "taker_side": "no", "ticker": "KXINX-26FEB17H1600-B6862", "trade_id": "f05c6acd-1cda-7ab2-2e4d-0e2786f99864", "yes_price": 18, "yes_price_dollars": "0.1800"}
{"count": 10, "count_fp": "10.00", "created_time": "2026-02-17T20:40:11.269687Z", "no_price": 83, "no_price_dollars": "0.8300", "price": 0.17, "taker_side": "no", "ticker": "KXINX-26FEB17H1600-B6862", "trade_id": "b39843dc-296e-73ea-12cd-2fc7fb37d7e0", "yes_price": 17, "yes_price_dollars": "0.1700"}
{"count": 10, "count_fp": "10.00", "created_time": "2026-02-17T20:40:11.007909Z", "no_price": 83, "no_price_dollars": "0.8300", "price": 0.17, "taker_side": "no", "ticker": "KXINX-26FEB17H1600-B6862", "trade_id": "00185c39-c276-686e-b03b-70db08772f28", "yes_price": 17, "yes_price_dollars": "0.1700"}
{"count": 10, "count_fp": "10.00", "created_time": "2026-02-17T20:40:10.849055Z", "no_price": 83, "no_price_dollars": "0.8300", "price": 0.17, "taker_side": "yes", "ticker": "KXINX-26FEB17H1600-B6862", "trade_id": "d52bb048-b488-7f23-cc92-69cf680e4cac", "yes_price": 17, "yes_price_dollars": "0.1700"}
{"count": 28, "count_fp": "28.00", "created_time": "2026-02-17T20:40:10.849055Z", "no_price": 83, "no_price_dollars": "0.8300", "price": 0.17, "taker_side": "yes", "ticker": "KXINX-26FEB17H1600-B6862", "trade_id": "bb8479a6-a0bb-7aa7-d55e-90306352ac74", "yes_price": 17, "yes_price_dollars": "0.1700"}
{"count": 1, "count_fp": "1.00", "created_time": "2026-02-17T20:40:10.849055Z", "no_price": 84, "no_price_dollars": "0.8400", "price": 0.16, "taker_side": "yes", "ticker": "KXINX-26FEB17H1600-B6862", "trade_id": "9f66ecfc-77f1-75e5-f900-55a2c5acdb6d", "yes_price": 16, "yes_price_dollars": "0.1600"}
{"count": 18, "count_fp": "18.00", "created_time": "2026-02-17T20:39:39.972094Z", "no_price": 83, "no_price_dollars": "0.8300", "price": 0.17, "taker_side": "yes", "ticker": "KXINX-26FEB17H1600-B6862", "trade_id": "d2c31fce-e41a-6c8b-ab4a-f1caea5de613", "yes_price": 17, "yes_price_dollars": "0.1700"}
{"count": 1, "count_fp": "1.00", "created_time": "2026-02-17T20:39:39.972094Z", "no_price": 85, "no_price_dollars": "0.8500", "price": 0.15, "taker_side": "yes", "ticker": "KXINX-26FEB17H1600-B6862", "trade_id": "c233f707-2a42-69cd-80b1-a99315749fb1", "yes_price": 15, "yes_price_dollars": "0.1500"}
{"count": 10, "count_fp": "10.00", "created_time": "2026-02-17T20:39:39.972094Z", "no_price": 84, "no_price_dollars": "0.8400", "price": 0.16, "taker_side": "yes", "ticker": "KXINX-26FEB17H1600-B6862", "trade_id": "24b5ed29-1335-6649-93cc-2f25b2f2bbe4", "yes_price": 16, "yes_price_dollars": "0.1600"}
{"count": 1, "count_fp": "1.00", "created_time": "2026-02-17T20:39:37.226009Z", "no_price": 86, "no_price_dollars": "0.8600", "price": 0.14, "taker_side": "yes", "ticker": "KXINX-26FEB17H1600-B6862", "trade_id": "174d42b8-8446-7fed-d24b-89a5d7ffd5b0", "yes_price": 14, "yes_price_dollars": "0.1400"}
{"count": 10, "count_fp": "10.00", "created_time": "2026-02-17T20:38:20.595233Z", "no_price": 85, "no_price_dollars": "0.8500", "price": 0.15, "taker_side": "no", "ticker": "KXINX-26FEB17H1600-B6862", "trade_id": "3195343f-9748-697c-fe88-d3580222ea82", "yes_price": 15, "yes_price_dollars": "0.1500"}
{"count": 17, "count_fp": "17.00", "created_time": "2026-02-17T20:37:51.90719Z", "no_price": 83, "no_price_dollars": "0.8300", "price": 0.17, "taker_side": "yes", "ticker": "KXINX-26FEB17H1600-B6862", "trade_id": "2f9dd2d7-5063-7c6c-c90d-2a88aa7a7a9a", "yes_price": 17, "yes_price_dollars": "0.1700"}
{"count": 1, "count_fp": "1.00", "created_time": "2026-02-17T20:37:37.237591Z", "no_price": 82, "no_price_dollars": "0.8200", "price": 0.18, "taker_side": "no", "ticker": "KXINX-26FEB17H1600-B6862", "trade_id": "e0d4e62f-d0bd-71e7-2217-503ea63efa14", "yes_price": 18, "yes_price_dollars": "0.1800"}
{"count": 1, "count_fp": "1.00", "created_time": "2026-02-17T20:37:24.966002Z", "no_price": 80, "no_price_dollars": "0.8000", "price": 0.2, "taker_side": "no", "ticker": "KXINX-26FEB17H1600-B6862", "trade_id": "05d9da2d-b91e-7c6e-04cb-fce4a46bb6b4", "yes_price": 20, "yes_price_dollars": "0.2000"}
{"count": 1, "count_fp": "1.00", "created_time": "2026-02-17T20:37:04.515419Z", "no_price": 76, "no_price_dollars": "0.7600", "price": 0.24, "taker_side": "no", "ticker": "KXINX-26FEB17H1600-B6862", "trade_id": "7b23ce81-594d-7603-306e-043bfee32535", "yes_price": 24, "yes_price_dollars": "0.2400"}
{"count": 1, "count_fp": "1.00", "created_time": "2026-02-17T20:36:11.867209Z", "no_price": 75, "no_price_dollars": "0.7500", "price": 0.25, "taker_side": "yes", "ticker": "KXINX-26FEB17H1600-B6862", "trade_id": "1bcafba5-e0e9-7b85-ee9c-939bfedd5a30", "yes_price": 25, "yes_price_dollars": "0.2500"}
{"count": 10, "count_fp": "10.00", "created_time": "2026-02-17T20:35:49.975788Z", "no_price": 73, "no_price_dollars": "0.7300", "price": 0.27, "taker_side": "yes", "ticker": "KXINX-26FEB17H1600-B6862", "trade_id": "9b037c40-49c0-7ee8-c640-22f943301c6f", "yes_price": 27, "yes_price_dollars": "0.2700"}
{"count": 1, "count_fp": "1.00", "created_time": "2026-02-17T20:35:48.565252Z", "no_price": 75, "no_price_dollars": "0.7500", "price": 0.25, "taker_side": "yes", "ticker": "KXINX-26FEB17H1600-B6862", "trade_id": "be0e319d-948e-7441-da14-57c73570f390", "yes_price": 25, "yes_price_dollars": "0.2500"}
{"count": 10, "count_fp": "10.00", "created_time": "2026-02-17T20:35:27.671346Z", "no_price": 74, "no_price_dollars": "0.7400", "price": 0.26, "taker_side": "no", "ticker": "KXINX-26FEB17H1600-B6862", "trade_id": "a0089788-06c6-7782-028a-c9320864f8f8", "yes_price": 26, "yes_price_dollars": "0.2600"}
{"count": 10, "count_fp": "10.00", "created_time": "2026-02-17T20:35:12.662483Z", "no_price": 74, "no_price_dollars": "0.7400", "price": 0.26, "taker_side": "yes", "ticker": "KXINX-26FEB17H1600-B6862", "trade_id": "35e88757-3109-76ac-d873-863d43b46b6a", "yes_price": 26, "yes_price_dollars": "0.2600"}
{"count": 1, "count_fp": "1.00", "created_time": "2026-02-17T20:35:12.548602Z", "no_price": 75, "no_price_dollars": "0.7500", "price": 0.25, "taker_side": "yes", "ticker": "KXINX-26FEB17H1600-B6862", "trade_id": "2d00df9b-c82e-74e8-e588-929801c0dd08", "yes_price": 25, "yes_price_dollars": "0.2500"}
{"count": 10, "count_fp": "10.00", "created_time": "2026-02-17T20:34:55.174659Z", "no_price": 75, "no_price_dollars": "0.7500", "price": 0.25, "taker_side": "yes", "ticker": "KXINX-26FEB17H1600-B6862", "trade_id": "0e2ea53e-1b54-7fc7-d214-83993573eb6c", "yes_price": 25, "yes_price_dollars": "0.2500"}
{"count": 10, "count_fp": "10.00", "created_time": "2026-02-17T20:34:48.012962Z", "no_price": 77, "no_price_dollars": "0.7700", "price": 0.23, "taker_side": "yes", "ticker": "KXINX-26FEB17H1600-B6862", "trade_id": "e4eb855d-ac12-7ef1-feff-694bc946b99e", "yes_price": 23, "yes_price_dollars": "0.2300"}
{"count": 1, "count_fp": "1.00", "created_time": "2026-02-17T20:34:43.566004Z", "no_price": 79, "no_price_dollars": "0.7900", "price": 0.21, "taker_side": "yes", "ticker": "KXINX-26FEB17H1600-B6862", "trade_id": "bacc9141-7a5e-7a2c-cdf2-9373fd403b82", "yes_price": 21, "yes_price_dollars": "0.2100"}
{"count": 10, "count_fp": "10.00", "created_time": "2026-02-17T20:34:32.915571Z", "no_price": 84, "no_price_dollars": "0.8400", "price": 0.16, "taker_side": "no", "ticker": "KXINX-26FEB17H1600-B6862", "trade_id": "520b294b-4281-55be-6a3d-75f7342ebfd2", "yes_price": 16, "yes_price_dollars": "0.1600"}
{"count": 29, "count_fp": "29.00", "created_time": "2026-02-17T20:34:32.915571Z", "no_price": 84, "no_price_dollars": "0.8400", "price": 0.16, "taker_side": "no", "ticker": "KXINX-26FEB17H1600-B6862", "trade_id": "4ff4f903-f6de-5506-6154-2dcd0c6f9de4", "yes_price": 16, "yes_price_dollars": "0.1600"}
{"count": 5, "count_fp": "5.00", "created_time": "2026-02-17T20:34:17.986784Z", "no_price": 79, "no_price_dollars": "0.7900", "price": 0.21, "taker_side": "no", "ticker": "KXINX-26FEB17H1600-B6862", "trade_id": "9bbe4ccf-9bb3-7dae-1cc0-efc4f7cb27fc", "yes_price": 21, "yes_price_dollars": "0.2100"}
{"count": 5, "count_fp": "5.00", "created_time": "2026-02-17T20:34:17.986784Z", "no_price": 79, "no_price_dollars": "0.7900", "price": 0.21, "taker_side": "no", "ticker": "KXINX-26FEB17H1600-B6862", "trade_id": "68dbbb67-2e34-7160-2c36-03dbc0bfe4b1", "yes_price": 21, "yes_price_dollars": "0.2100"}
{"count": 10, "count_fp": "10.00", "created_time": "2026-02-17T20:32:39.304642Z", "no_price": 72, "no_price_dollars": "0.7200", "price": 0.28, "taker_side": "yes", "ticker": "KXINX-26FEB17H1600-B6862", "trade_id": "a3ab0e06-f545-7336-d4d9-fca1644ea705", "yes_price": 28, "yes_price_dollars": "0.2800"}
{"count": 10, "count_fp": "10.00", "created_time": "2026-02-17T20:31:46.849817Z", "no_price": 76, "no_price_dollars": "0.7600", "price": 0.24, "taker_side": "no", "ticker": "KXINX-26FEB17H1600-B6862", "trade_id": "834a5393-4658-79e3-084a-2905ec2c5b7f", "yes_price": 24, "yes_price_dollars": "0.2400"}
{"count": 5, "count_fp": "5.00", "created_time": "2026-02-17T20:31:46.849817Z", "no_price": 76, "no_price_dollars": "0.7600", "price": 0.24, "taker_side": "no", "ticker": "KXINX-26FEB17H1600-B6862", "trade_id": "298a6cc9-1553-7285-1d37-de4934039309", "yes_price": 24, "yes_price_dollars": "0.2400"}
{"count": 10, "count_fp": "10.00", "created_time": "2026-02-17T20:31:44.59612Z", "no_price": 73, "no_price_dollars": "0.7300", "price": 0.27, "taker_side": "no", "ticker": "KXINX-26FEB17H1600-B6862", "trade_id": "902d4e34-6a7c-7fca-1bac-5a2ab76eeea8", "yes_price": 27, "yes_price_dollars": "0.2700"}
{"count": 10, "count_fp": "10.00", "created_time": "2026-02-17T20:31:43.131769Z", "no_price": 72, "no_price_dollars": "0.7200", "price": 0.28, "taker_side": "no", "ticker": "KXINX-26FEB17H1600-B6862", "trade_id": "fb5551ef-c559-75e0-2ffe-a11c77478059", "yes_price": 28, "yes_price_dollars": "0.2800"}
{"count": 10, "count_fp": "10.00", "created_time": "2026-02-17T20:31:40.574761Z", "no_price": 70, "no_price_dollars": "0.7000", "price": 0.3, "taker_side": "no", "ticker": "KXINX-26FEB17H1600-B6862", "trade_id": "21570147-0e5e-7024-10bf-aecce1158d3e", "yes_price": 30, "yes_price_dollars": "0.3000"}
{"count": 10, "count_fp": "10.00", "created_time": "2026-02-17T20:31:39.419184Z", "no_price": 69, "no_price_dollars": "0.6900", "price": 0.31, "taker_side": "no", "ticker": "KXINX-26FEB17H1600-B6862", "trade_id": "7686757f-c4f6-72e8-234e-26837fb8630c", "yes_price": 31, "yes_price_dollars": "0.3100"}
{"count": 5, "count_fp": "5.00", "created_time": "2026-02-17T20:31:39.170045Z", "no_price": 68, "no_price_dollars": "0.6800", "price": 0.32, "taker_side": "no", "ticker": "KXINX-26FEB17H1600-B6862", "trade_id": "07e656cb-bc17-7a4b-1f37-5aa691263fba", "yes_price": 32, "yes_price_dollars": "0.3200"}
{"count": 1, "count_fp": "1.00", "created_time": "2026-02-17T20:30:23.295546Z", "no_price": 63, "no_price_dollars": "0.6300", "price": 0.37, "taker_side": "no", "ticker": "KXINX-26FEB17H1600-B6862", "trade_id": "1f0a12f3-69a5-74ae-002f-d8607b20ff0e", "yes_price": 37, "yes_price_dollars": "0.3700"}
{"count": 1, "count_fp": "1.00", "created_time": "2026-02-17T20:30:11.28196Z", "no_price": 60, "no_price_dollars": "0.6000", "price": 0.4, "taker_side": "no", "ticker": "KXINX-26FEB17H1600-B6862", "trade_id": "4fc05c27-db3e-730e-1777-7bd50b2c9e18", "yes_price": 40, "yes_price_dollars": "0.4000"}
{"count": 1, "count_fp": "1.00", "created_time": "2026-02-17T20:30:00.416682Z", "no_price": 58, "no_price_dollars": "0.5800", "price": 0.42, "taker_side": "no", "ticker": "KXINX-26FEB17H1600-B6862", "trade_id": "df072117-d690-70d1-1997-b1e9e1aab413", "yes_price": 42, "yes_price_dollars": "0.4200"}
{"count": 1, "count_fp": "1.00", "created_time": "2026-02-17T20:29:05.317496Z", "no_price": 56, "no_price_dollars": "0.5600", "price": 0.44, "taker_side": "yes", "ticker": "KXINX-26FEB17H1600-B6862", "trade_id": "3d6dde7f-2f67-731d-b54c-1fd677e6f6d4", "yes_price": 44, "yes_price_dollars": "0.4400"}
{"count": 1, "count_fp": "1.00", "created_time": "2026-02-17T20:28:53.820241Z", "no_price": 58, "no_price_dollars": "0.5800", "price": 0.42, "taker_side": "yes", "ticker": "KXINX-26FEB17H1600-B6862", "trade_id": "137251fc-e27a-7d57-a744-a2a71aa3a40d", "yes_price": 42, "yes_price_dollars": "0.4200"}
{"count": 1, "count_fp": "1.00", "created_time": "2026-02-17T20:28:03.470854Z", "no_price": 63, "no_price_dollars": "0.6300", "price": 0.37, "taker_side": "no", "ticker": "KXINX-26FEB17H1600-B6862", "trade_id": "c4989c07-aee7-4011-fe62-988c6f8efc94", "yes_price": 37, "yes_price_dollars": "0.3700"}
{"count": 10, "count_fp": "10.00", "created_time": "2026-02-17T20:28:01.369497Z", "no_price": 62, "no_price_dollars": "0.6200", "price": 0.38, "taker_side": "no", "ticker": "KXINX-26FEB17H1600-B6862", "trade_id": "e33d588f-0c64-4223-c6e2-f85a85188c7e", "yes_price": 38, "yes_price_dollars": "0.3800"}
{"count": 7, "count_fp": "7.00", "created_time": "2026-02-17T20:28:01.369497Z", "no_price": 62, "no_price_dollars": "0.6200", "price": 0.38, "taker_side": "no", "ticker": "KXINX-26FEB17H1600-B6862", "trade_id": "d9839055-7fd0-4825-f2b4-924af2111250", "yes_price": 38, "yes_price_dollars": "0.3800"}
{"count": 1, "count_fp": "1.00", "created_time": "2026-02-17T20:27:06.244558Z", "no_price": 60, "no_price_dollars": "0.6000", "price": 0.4, "taker_side": "yes", "ticker": "KXINX-26FEB17H1600-B6862", "trade_id": "e38c53de-3a0f-4635-1a3a-f8163296de06", "yes_price": 40, "yes_price_dollars": "0.4000"}
{"count": 13, "count_fp": "13.00", "created_time": "2026-02-17T20:27:06.244558Z", "no_price": 58, "no_price_dollars": "0.5800", "price": 0.42, "taker_side": "yes", "ticker": "KXINX-26FEB17H1600-B6862", "trade_id": "cd330ead-513c-4dee-1374-4e8736f3bd36", "yes_price": 42, "yes_price_dollars": "0.4200"}
{"count": 10, "count_fp": "10.00", "created_time": "2026-02-17T20:27:06.244558Z", "no_price": 59, "no_price_dollars": "0.5900", "price": 0.41, "taker_side": "yes", "ticker": "KXINX-26FEB17H1600-B6862", "trade_id": "96338be3-09d8-4410-3688-9eaa7584ba64", "yes_price": 41, "yes_price_dollars": "0.4100"}
{"count": 1, "count_fp": "1.00", "created_time": "2026-02-17T20:25:53.601387Z", "no_price": 58, "no_price_dollars": "0.5800", "price": 0.42, "taker_side": "no", "ticker": "KXINX-26FEB17H1600-B6862", "trade_id": "bb73bf31-ccc2-44bb-c58a-6cc89b7a2c97", "yes_price": 42, "yes_price_dollars": "0.4200"}
{"count": 1, "count_fp": "1.00", "created_time": "2026-02-17T20:25:27.857626Z", "no_price": 56, "no_price_dollars": "0.5600", "price": 0.44, "taker_side": "yes", "ticker": "KXINX-26FEB17H1600-B6862", "trade_id": "c321eeed-1ac1-72a6-b45a-ef09dc9be0b2", "yes_price": 44, "yes_price_dollars": "0.4400"}
{"count": 1, "count_fp": "1.00", "created_time": "2026-02-17T20:25:07.301767Z", "no_price": 59, "no_price_dollars": "0.5900", "price": 0.41, "taker_side": "yes", "ticker": "KXINX-26FEB17H1600-B6862", "trade_id": "9d28f7d2-8255-7cc7-80a5-77f657824357", "yes_price": 41, "yes_price_dollars": "0.4100"}
{"count": 342, "count_fp": "342.00", "created_time": "2026-02-17T20:24:16.56821Z", "no_price": 60, "no_price_dollars": "0.6000", "price": 0.4, "taker_side": "yes", "ticker": "KXINX-26FEB17H1600-B6862", "trade_id": "8c5951f2-6614-7862-dfd1-c139dc32758e", "yes_price": 40, "yes_price_dollars": "0.4000"}
{"count": 10, "count_fp": "10.00", "created_time": "2026-02-17T20:24:14.888238Z", "no_price": 59, "no_price_dollars": "0.5900", "price": 0.41, "taker_side": "no", "ticker": "KXINX-26FEB17H1600-B6862", "trade_id": "89caec30-e715-4cd3-fcaf-c6400dd9421d", "yes_price": 41, "yes_price_dollars": "0.4100"}
{"count": 8, "count_fp": "8.00", "created_time": "2026-02-17T20:24:14.888238Z", "no_price": 59, "no_price_dollars": "0.5900", "price": 0.41, "taker_side": "no", "ticker": "KXINX-26FEB17H1600-B6862", "trade_id": "6c2223c6-c607-4410-c669-3ef35db8acba", "yes_price": 41, "yes_price_dollars": "0.4100"}
{"count": 1, "count_fp": "1.00", "created_time": "2026-02-17T20:24:14.888238Z", "no_price": 59, "no_price_dollars": "0.5900", "price": 0.41, "taker_side": "no", "ticker": "KXINX-26FEB17H1600-B6862", "trade_id": "18c06034-6347-44de-c25f-707afffee92c", "yes_price": 41, "yes_price_dollars": "0.4100"}
{"count": 1, "count_fp": "1.00", "created_time": "2026-02-17T20:24:01.653996Z", "no_price": 55, "no_price_dollars": "0.5500", "price": 0.45, "taker_side": "no", "ticker": "KXINX-26FEB17H1600-B6862", "trade_id": "2f2dc966-61b9-44e6-d557-17b4e1a8fdd0", "yes_price": 45, "yes_price_dollars": "0.4500"}
{"count": 1, "count_fp": "1.00", "created_time": "2026-02-17T20:23:12.279395Z", "no_price": 54, "no_price_dollars": "0.5400", "price": 0.46, "taker_side": "yes", "ticker": "KXINX-26FEB17H1600-B6862", "trade_id": "df0ab82e-7ed0-77a1-8632-4ea89fd9ef4d", "yes_price": 46, "yes_price_dollars": "0.4600"}
{"count": 32, "count_fp": "32.00", "created_time": "2026-02-17T20:22:58.412335Z", "no_price": 55, "no_price_dollars": "0.5500", "price": 0.45, "taker_side": "yes", "ticker": "KXINX-26FEB17H1600-B6862", "trade_id": "ecf8bd6f-1bd1-446a-a632-8814b7dcb6b5", "yes_price": 45, "yes_price_dollars": "0.4500"}
{"count": 1, "count_fp": "1.00", "created_time": "2026-02-17T20:22:44.26202Z", "no_price": 57, "no_price_dollars": "0.5700", "price": 0.43, "taker_side": "no", "ticker": "KXINX-26FEB17H1600-B6862", "trade_id": "fee0adca-c3b1-4fdf-cff8-a0b05c7d2c4f", "yes_price": 43, "yes_price_dollars": "0.4300"}
{"count": 1, "count_fp": "1.00", "created_time": "2026-02-17T20:22:39.858001Z", "no_price": 55, "no_price_dollars": "0.5500", "price": 0.45, "taker_side": "no", "ticker": "KXINX-26FEB17H1600-B6862", "trade_id": "361cffe1-5ea4-4207-ec23-41d5719ab52e", "yes_price": 45, "yes_price_dollars": "0.4500"}
{"count": 1, "count_fp": "1.00", "created_time": "2026-02-17T20:22:05.05322Z", "no_price": 49, "no_price_dollars": "0.4900", "price": 0.51, "taker_side": "yes", "ticker": "KXINX-26FEB17H1600-B6862", "trade_id": "226768e5-acb6-71b1-952b-141bb2f32f0d", "yes_price": 51, "yes_price_dollars": "0.5100"}
{"count": 1, "count_fp": "1.00", "created_time": "2026-02-17T20:21:59.855831Z", "no_price": 50, "no_price_dollars": "0.5000", "price": 0.5, "taker_side": "yes", "ticker": "KXINX-26FEB17H1600-B6862", "trade_id": "acbdca7b-bc5a-7143-9847-4f246c597281", "yes_price": 50, "yes_price_dollars": "0.5000"}
{"count": 1, "count_fp": "1.00", "created_time": "2026-02-17T20:21:44.627881Z", "no_price": 53, "no_price_dollars": "0.5300", "price": 0.47, "taker_side": "yes", "ticker": "KXINX-26FEB17H1600-B6862", "trade_id": "e95998a0-26d4-75c8-81a3-870420b6c969", "yes_price": 47, "yes_price_dollars": "0.4700"}
{"count": 10, "count_fp": "10.00", "created_time": "2026-02-17T20:21:31.080554Z", "no_price": 54, "no_price_dollars": "0.5400", "price": 0.46, "taker_side": "no", "ticker": "KXINX-26FEB17H1600-B6862", "trade_id": "f26ad871-01ce-7197-597b-a38d4a0ef0ca", "yes_price": 46, "yes_price_dollars": "0.4600"}
{"count": 32, "count_fp": "32.00", "created_time": "2026-02-17T20:21:31.080554Z", "no_price": 55, "no_price_dollars": "0.5500", "price": 0.45, "taker_side": "no", "ticker": "KXINX-26FEB17H1600-B6862", "trade_id": "6a962d8e-b5f2-7664-6751-10dbfd895f44", "yes_price": 45, "yes_price_dollars": "0.4500"}
{"count": 10, "count_fp": "10.00", "created_time": "2026-02-17T20:20:02.796221Z", "no_price": 51, "no_price_dollars": "0.5100", "price": 0.49, "taker_side": "no", "ticker": "KXINX-26FEB17H1600-B6862", "trade_id": "e730c58f-cf5e-7cd0-dd52-5a39957c404c", "yes_price": 49, "yes_price_dollars": "0.4900"}
{"count": 1, "count_fp": "1.00", "created_time": "2026-02-17T20:19:12.470645Z", "no_price": 45, "no_price_dollars": "0.4500", "price": 0.55, "taker_side": "no", "ticker": "KXINX-26FEB17H1600-B6862", "trade_id": "3866f24a-34ee-4053-d7b7-8b22a09c2b52", "yes_price": 55, "yes_price_dollars": "0.5500"}
{"count": 1, "count_fp": "1.00", "created_time": "2026-02-17T20:18:35.302094Z", "no_price": 43, "no_price_dollars": "0.4300", "price": 0.57, "taker_side": "no", "ticker": "KXINX-26FEB17H1600-B6862", "trade_id": "df924d28-3242-4e78-c03b-af3b18a95de0", "yes_price": 57, "yes_price_dollars": "0.5700"}
{"count": 1, "count_fp": "1.00", "created_time": "2026-02-17T20:17:41.876439Z", "no_price": 40, "no_price_dollars": "0.4000", "price": 0.6, "taker_side": "no", "ticker": "KXINX-26FEB17H1600-B6862", "trade_id": "b8140b3b-9549-4d9b-d696-ff50965c52ee", "yes_price": 60, "yes_price_dollars": "0.6000"}
{"count": 1, "count_fp": "1.00", "created_time": "2026-02-17T20:17:22.509062Z", "no_price": 41, "no_price_dollars": "0.4100", "price": 0.59, "taker_side": "yes", "ticker": "KXINX-26FEB17H1600-B6862", "trade_id": "72c94276-53d4-75a7-d2cc-9bb5877a3438", "yes_price": 59, "yes_price_dollars": "0.5900"}
{"count": 10, "count_fp": "10.00", "created_time": "2026-02-17T20:16:49.07137Z", "no_price": 43, "no_price_dollars": "0.4300", "price": 0.57, "taker_side": "yes", "ticker": "KXINX-26FEB17H1600-B6862", "trade_id": "915ab07b-190f-7d34-cdc2-296c42e09272", "yes_price": 57, "yes_price_dollars": "0.5700"}
{"count": 1, "count_fp": "1.00", "created_time": "2026-02-17T20:16:47.207527Z", "no_price": 45, "no_price_dollars": "0.4500", "price": 0.55, "taker_side": "yes", "ticker": "KXINX-26FEB17H1600-B6862", "trade_id": "ab14d955-5dd3-7866-fb9b-172f0706c3df", "yes_price": 55, "yes_price_dollars": "0.5500"}
{"count": 23, "count_fp": "23.00", "created_time": "2026-02-17T20:16:37.60835Z", "no_price": 43, "no_price_dollars": "0.4300", "price": 0.57, "taker_side": "yes", "ticker": "KXINX-26FEB17H1600-B6862", "trade_id": "e7796ec6-5d18-50e6-ba33-779e148d01e6", "yes_price": 57, "yes_price_dollars": "0.5700"}
{"count": 1, "count_fp": "1.00", "created_time": "2026-02-17T20:16:37.60835Z", "no_price": 45, "no_price_dollars": "0.4500", "price": 0.55, "taker_side": "yes", "ticker": "KXINX-26FEB17H1600-B6862", "trade_id": "8bfe4291-b8bc-592a-b63a-1316876ba386", "yes_price": 55, "yes_price_dollars": "0.5500"}
{"count": 10, "count_fp": "10.00", "created_time": "2026-02-17T20:16:37.60835Z", "no_price": 45, "no_price_dollars": "0.4500", "price": 0.55, "taker_side": "yes", "ticker": "KXINX-26FEB17H1600-B6862", "trade_id": "23a6953f-ce9d-55e8-beab-102120bd57b0", "yes_price": 55, "yes_price_dollars": "0.5500"}
{"count": 18, "count_fp": "18.00", "created_time": "2026-02-17T20:16:26.16641Z", "no_price": 48, "no_price_dollars": "0.4800", "price": 0.52, "taker_side": "no", "ticker": "KXINX-26FEB17H1600-B6862", "trade_id": "8e0b6318-536e-5b74-3294-428b2a936813", "yes_price": 52, "yes_price_dollars": "0.5200"}
{"count": 2, "count_fp": "2.00", "created_time": "2026-02-17T20:16:11.938123Z", "no_price": 48, "no_price_dollars": "0.4800", "price": 0.52, "taker_side": "no", "ticker": "KXINX-26FEB17H1600-B6862", "trade_id": "1ce80210-0bba-5fec-cd36-a3bd3f6349d7", "yes_price": 52, "yes_price_dollars": "0.5200"}
{"count": 10, "count_fp": "10.00", "created_time": "2026-02-17T20:12:24.104533Z", "no_price": 49, "no_price_dollars": "0.4900", "price": 0.51, "taker_side": "yes", "ticker": "KXINX-26FEB17H1600-B6862", "trade_id": "6cd48a7a-f725-7de3-dca2-fd6756c82590", "yes_price": 51, "yes_price_dollars": "0.5100"}
{"count": 1, "count_fp": "1.00", "created_time": "2026-02-17T20:10:52.989398Z", "no_price": 48, "no_price_dollars": "0.4800", "price": 0.52, "taker_side": "no", "ticker": "KXINX-26FEB17H1600-B6862", "trade_id": "ce662d46-e711-6935-4399-48811ecaa784", "yes_price": 52, "yes_price_dollars": "0.5200"}
{"count": 3, "count_fp": "3.00", "created_time": "2026-02-17T20:10:52.989398Z", "no_price": 48, "no_price_dollars": "0.4800", "price": 0.52, "taker_side": "no", "ticker": "KXINX-26FEB17H1600-B6862", "trade_id": "1b219ac9-ddd6-6ee0-691d-bb7c13c11679", "yes_price": 52, "yes_price_dollars": "0.5200"}
{"count": 29, "count_fp": "29.00", "created_time": "2026-02-17T20:09:44.253537Z", "no_price": 48, "no_price_dollars": "0.4800", "price": 0.52, "taker_side": "no", "ticker": "KXINX-26FEB17H1600-B6862", "trade_id": "c47af3e8-80ba-78e0-b570-6a93294b6a91", "yes_price": 52, "yes_price_dollars": "0.5200"}
{"count": 1, "count_fp": "1.00", "created_time": "2026-02-17T20:09:44.253537Z", "no_price": 46, "no_price_dollars": "0.4600", "price": 0.54, "taker_side": "no", "ticker": "KXINX-26FEB17H1600-B6862", "trade_id": "53b335ac-1dd0-75d6-8df3-a6b4567641b3", "yes_price": 54, "yes_price_dollars": "0.5400"}
{"count": 10, "count_fp": "10.00", "created_time": "2026-02-17T20:09:25.83143Z", "no_price": 46, "no_price_dollars": "0.4600", "price": 0.54, "taker_side": "no", "ticker": "KXINX-26FEB17H1600-B6862", "trade_id": "f045e444-4c72-4d07-d458-7097d818a841", "yes_price": 54, "yes_price_dollars": "0.5400"}
{"count": 9, "count_fp": "9.00", "created_time": "2026-02-17T20:09:25.83143Z", "no_price": 47, "no_price_dollars": "0.4700", "price": 0.53, "taker_side": "no", "ticker": "KXINX-26FEB17H1600-B6862", "trade_id": "c2afe5fa-72e6-41b4-c12d-ed7ed1f85475", "yes_price": 53, "yes_price_dollars": "0.5300"}
{"count": 1, "count_fp": "1.00", "created_time": "2026-02-17T20:09:25.83143Z", "no_price": 47, "no_price_dollars": "0.4700", "price": 0.53, "taker_side": "no", "ticker": "KXINX-26FEB17H1600-B6862", "trade_id": "2879c889-fb7d-4c7b-e292-00ff26bbe636", "yes_price": 53, "yes_price_dollars": "0.5300"}
{"count": 1, "count_fp": "1.00", "created_time": "2026-02-17T20:08:13.861148Z", "no_price": 41, "no_price_dollars": "0.4100", "price": 0.59, "taker_side": "no", "ticker": "KXINX-26FEB17H1600-B6862", "trade_id": "b9617c8a-66ad-4f3d-e724-b52d8f86ca2d", "yes_price": 59, "yes_price_dollars": "0.5900"}
{"count": 10, "count_fp": "10.00", "created_time": "2026-02-17T20:07:15.279148Z", "no_price": 41, "no_price_dollars": "0.4100", "price": 0.59, "taker_side": "no", "ticker": "KXINX-26FEB17H1600-B6862", "trade_id": "30681769-feaf-6193-1de8-e86a87388681", "yes_price": 59, "yes_price_dollars": "0.5900"}
{"count": 6, "count_fp": "6.00", "created_time": "2026-02-17T20:06:31.981013Z", "no_price": 41, "no_price_dollars": "0.4100", "price": 0.59, "taker_side": "no", "ticker": "KXINX-26FEB17H1600-B6862", "trade_id": "4a2c4bf3-f209-496f-8b20-7fcc61005323", "yes_price": 59, "yes_price_dollars": "0.5900"}
{"count": 1, "count_fp": "1.00", "created_time": "2026-02-17T20:03:09.397035Z", "no_price": 41, "no_price_dollars": "0.4100", "price": 0.59, "taker_side": "no", "ticker": "KXINX-26FEB17H1600-B6862", "trade_id": "a0712a4a-6a79-6efc-5dfa-50299d0fffd2", "yes_price": 59, "yes_price_dollars": "0.5900"}
{"count": 3, "count_fp": "3.00", "created_time": "2026-02-17T20:03:09.397035Z", "no_price": 43, "no_price_dollars": "0.4300", "price": 0.57, "taker_side": "no", "ticker": "KXINX-26FEB17H1600-B6862", "trade_id": "8c235a2b-e5db-60f3-5392-e627b16809f9", "yes_price": 57, "yes_price_dollars": "0.5700"}
{"count": 44, "count_fp": "44.00", "created_time": "2026-02-17T20:01:42.236055Z", "no_price": 43, "no_price_dollars": "0.4300", "price": 0.57, "taker_side": "no", "ticker": "KXINX-26FEB17H1600-B6862", "trade_id": "be46b2b5-eb42-7e68-734f-264f20dbaf99", "yes_price": 57, "yes_price_dollars": "0.5700"}
{"count": 1, "count_fp": "1.00", "created_time": "2026-02-17T20:01:42.236055Z", "no_price": 42, "no_price_dollars": "0.4200", "price": 0.58, "taker_side": "no", "ticker": "KXINX-26FEB17H1600-B6862", "trade_id": "6415d678-2634-7072-6c59-0589d3abded4", "yes_price": 58, "yes_price_dollars": "0.5800"}
