{"count": 100, "count_fp": "100.00", "created_time": "2026-03-02T17:49:35.795536Z", "no_price": 98, "no_price_dollars": "0.9800", "price": 0.02, "taker_side": "no", "ticker": "KXINX-26MAR06H1600-T6550", "trade_id": "6959395b-9adf-7ecf-a191-380d2c7ee2fb", "yes_price": 2, "yes_price_dollars": "0.0200"}
{"count": 100, "count_fp": "100.00", "created_time": "2026-03-02T17:49:19.105767Z", "no_price": 98, "no_price_dollars": "0.9800", "price": 0.02, "taker_side": "no", "ticker": "KXINX-26MAR06H1600-T6550", "trade_id": "bfe16e12-6007-5d97-78f5-d1440c9a2c7f", "yes_price": 2, "yes_price_dollars": "0.0200"}
{"count": 100, "count_fp": "100.00", "created_time": "2026-03-02T17:49:18.298788Z", "no_price": 93, "no_price_dollars": "0.9300", "price": 0.07, "taker_side": "yes", "ticker": "KXINX-26MAR06H1600-T6550", "trade_id": "fd18bd04-325e-4a18-6fb4-65565ee762a9", "yes_price": 7, "yes_price_dollars": "0.0700"}
{"count": 100, "count_fp": "100.00", "created_time": "2026-03-02T17:49:02.189321Z", "no_price": 98, "no_price_dollars": "0.9800", "price": 0.02, "taker_side": "no", "ticker": "KXINX-26MAR06H1600-T6550", "trade_id": "bd5a2474-fc67-5897-0793-5fba5fd1bdd7", "yes_price": 2, "yes_price_dollars": "0.0200"}
{"count": 100, "count_fp": "100.00", "created_time": "2026-03-02T17:49:01.097801Z", "no_price": 93, "no_price_dollars": "0.9300", "price": 0.07, "taker_side": "yes", "ticker": "KXINX-26MAR06H1600-T6550", "trade_id": "9e00d2fa-4e76-40a8-b044-ea9a29bb6565", "yes_price": 7, "yes_price_dollars": "0.0700"}
{"count": 100, "count_fp": "100.00", "created_time": "2026-03-02T17:48:45.097968Z", "no_price": 98, "no_price_dollars": "0.9800", "price": 0.02, "taker_side": "no", "ticker": "KXINX-26MAR06H1600-T6550", "trade_id": "4ca8d116-7dab-733f-a677-016f69e493eb", "yes_price": 2, "yes_price_dollars": "0.0200"}
{"count": 100, "count_fp": "100.00", "created_time": "2026-03-02T17:48:43.787544Z", "no_price": 88, "no_price_dollars": "0.8800", "price": 0.12, "taker_side": "yes", "ticker": "KXINX-26MAR06H1600-T6550", "trade_id": "e034bc6b-a4ee-4bc4-33e3-d2465a5b4deb", "yes_price": 12, "yes_price_dollars": "0.1200"}
{"count": 100, "count_fp": "100.00", "created_time": "2026-03-02T17:48:19.485043Z", "no_price": 98, "no_price_dollars": "0.9800", "price": 0.02, "taker_side": "no", "ticker": "KXINX-26MAR06H1600-T6550", "trade_id": "b8490770-7a1e-443f-ec24-cdf183b41cc4", "yes_price": 2, "yes_price_dollars": "0.0200"}
{"count": 100, "count_fp": "100.00", "created_time": "2026-03-02T17:48:18.869316Z", "no_price": 93, "no_price_dollars": "0.9300", "price": 0.07, "taker_side": "yes", "ticker": "KXINX-26MAR06H1600-T6550", "trade_id": "06d10957-b257-78d2-c5d9-35d2bb2b1c5a", "yes_price": 7, "yes_price_dollars": "0.0700"}
{"count": 100, "count_fp": "100.00", "created_time": "2026-03-02T17:48:02.834978Z", "no_price": 98, "no_price_dollars": "0.9800", "price": 0.02, "taker_side": "no", "ticker": "KXINX-26MAR06H1600-T6550", "trade_id": "2034acf7-26cf-6ae0-fb8b-2d718005b5f1", "yes_price": 2, "yes_price_dollars": "0.0200"}
{"count": 100, "count_fp": "100.00", "created_time": "2026-03-02T17:48:01.625327Z", "no_price": 93, "no_price_dollars": "0.9300", "price": 0.07, "taker_side": "yes", "ticker": "KXINX-26MAR06H1600-T6550", "trade_id": "366aa778-febf-48da-ae20-232b17b65826", "yes_price": 7, "yes_price_dollars": "0.0700"}
{"count": 100, "count_fp": "100.00", "created_time": "2026-03-02T17:47:45.705551Z", "no_price": 98, "no_price_dollars": "0.9800", "price": 0.02, "taker_side": "no", "ticker": "KXINX-26MAR06H1600-T6550", "trade_id": "b6771316-1bc3-7558-740f-ebdc43beb325", "yes_price": 2, "yes_price_dollars": "0.0200"}
{"count": 100, "count_fp": "100.00", "created_time": "2026-03-02T17:47:42.95615Z", "no_price": 93, "no_price_dollars": "0.9300", "price": 0.07, "taker_side": "yes", "ticker": "KXINX-26MAR06H1600-T6550", "trade_id": "9466ba7d-50bb-60aa-199b-4a654619d312", "yes_price": 7, "yes_price_dollars": "0.0700"}
{"count": 100, "count_fp": "100.00", "created_time": "2026-03-02T17:47:18.301531Z", "no_price": 98, "no_price_dollars": "0.9800", "price": 0.02, "taker_side": "no", "ticker": "KXINX-26MAR06H1600-T6550", "trade_id": "5daae6ea-87b3-5ba8-a468-b14c05ea9421", "yes_price": 2, "yes_price_dollars": "0.0200"}
{"count": 100, "count_fp": "100.00", "created_time": "2026-03-02T17:47:16.696323Z", "no_price": 93, "no_price_dollars": "0.9300", "price": 0.07, "taker_side": "yes", "ticker": "KXINX-26MAR06H1600-T6550", "trade_id": "f03b33c0-44d3-7dc6-b20f-ce27fec17d7e", "yes_price": 7, "yes_price_dollars": "0.0700"}
{"count": 100, "count_fp": "100.00", "created_time": "2026-03-02T17:47:00.688549Z", "no_price": 98, "no_price_dollars": "0.9800", "price": 0.02, "taker_side": "no", "ticker": "KXINX-26MAR06H1600-T6550", "trade_id": "b060d1c3-d127-7a90-5ff9-a0c7315ed7b5", "yes_price": 2, "yes_price_dollars": "0.0200"}
{"count": 100, "count_fp": "100.00", "created_time": "2026-03-02T17:46:59.087129Z", "no_price": 93, "no_price_dollars": "0.9300", "price": 0.07, "taker_side": "yes", "ticker": "KXINX-26MAR06H1600-T6550", "trade_id": "0dd14039-fee3-5cfe-eab1-da166909b51a", "yes_price": 7, "yes_price_dollars": "0.0700"}
{"count": 100, "count_fp": "100.00", "created_time": "2026-03-02T17:46:43.156952Z", "no_price": 98, "no_price_dollars": "0.9800", "price": 0.02, "taker_side": "no", "ticker": "KXINX-26MAR06H1600-T6550", "trade_id": "a2a06a35-2dc7-53fc-5bd5-0cefa968be59", "yes_price": 2, "yes_price_dollars": "0.0200"}
{"count": 100, "count_fp": "100.00", "created_time": "2026-03-02T17:46:40.662247Z", "no_price": 93, "no_price_dollars": "0.9300", "price": 0.07, "taker_side": "yes", "ticker": "KXINX-26MAR06H1600-T6550", "trade_id": "caac96d4-274b-6f3e-36f2-701e2a531fae", "yes_price": 7, "yes_price_dollars": "0.0700"}
{"count": 100, "count_fp": "100.00", "created_time": "2026-03-02T17:46:16.204717Z", "no_price": 98, "no_price_dollars": "0.9800", "price": 0.02, "taker_side": "no", "ticker": "KXINX-26MAR06H1600-T6550", "trade_id": "cbd5d818-f4ef-645c-062c-5b081804f3d1", "yes_price": 2, "yes_price_dollars": "0.0200"}
{"count": 100, "count_fp": "100.00", "created_time": "2026-03-02T17:46:14.464004Z", "no_price": 93, "no_price_dollars": "0.9300", "price": 0.07, "taker_side": "yes", "ticker": "KXINX-26MAR06H1600-T6550", "trade_id": "a7e07e2c-d69b-60ee-ba20-73475b4750c6", "yes_price": 7, "yes_price_dollars": "0.0700"}
{"count": 100, "count_fp": "100.00", "created_time": "2026-03-02T17:45:58.546267Z", "no_price": 98, "no_price_dollars": "0.9800", "price": 0.02, "taker_side": "no", "ticker": "KXINX-26MAR06H1600-T6550", "trade_id": "4c1a65ea-f12b-6e84-b27a-0630e362d1c9", "yes_price": 2, "yes_price_dollars": "0.0200"}
{"count": 100, "count_fp": "100.00", "created_time": "2026-03-02T17:45:56.743063Z", "no_price": 93, "no_price_dollars": "0.9300", "price": 0.07, "taker_side": "yes", "ticker": "KXINX-26MAR06H1600-T6550", "trade_id": "e9374703-3753-4202-cd13-37d0d2fb0c72", "yes_price": 7, "yes_price_dollars": "0.0700"}
{"count": 100, "count_fp": "100.00", "created_time": "2026-03-02T17:45:38.990257Z", "no_price": 93, "no_price_dollars": "0.9300", "price": 0.07, "taker_side": "yes", "ticker": "KXINX-26MAR06H1600-T6550", "trade_id": "3b50c1cd-1647-4932-8130-861460eddbc6", "yes_price": 7, "yes_price_dollars": "0.0700"}
{"count": 500, "count_fp": "500.00", "created_time": "2026-03-02T17:45:22.28616Z", "no_price": 98, "no_price_dollars": "0.9800", "price": 0.02, "taker_side": "no", "ticker": "KXINX-26MAR06H1600-T6550", "trade_id": "9fe02225-cb9f-63d0-98d3-5ad05e073eed", "yes_price": 2, "yes_price_dollars": "0.0200"}
{"count": 100, "count_fp": "100.00", "created_time": "2026-03-02T16:56:15.555911Z", "no_price": 88, "no_price_dollars": "0.8800", "price": 0.12, "taker_side": "yes", "ticker": "KXINX-26MAR06H1600-T6550", "trade_id": "1406c81c-9346-590c-b8c7-e604655c642f", "yes_price": 12, "yes_price_dollars": "0.1200"}
{"count": 100, "count_fp": "100.00", "created_time": "2026-03-02T16:55:37.142003Z", "no_price": 88, "no_price_dollars": "0.8800", "price": 0.12, "taker_side": "yes", "ticker": "KXINX-26MAR06H1600-T6550", "trade_id": "43de508d-d4ee-63b8-06bc-5c3645960b1b", "yes_price": 12, "yes_price_dollars": "0.1200"}
{"count": 40, "count_fp": "40.00", "created_time": "2026-03-02T16:46:14.748615Z", "no_price": 94, "no_price_dollars": "0.9400", "price": 0.06, "taker_side": "yes", "ticker": "KXINX-26MAR06H1600-T6550", "trade_id": "8413357d-5086-727f-587c-537d3bfd2a0a", "yes_price": 6, "yes_price_dollars": "0.0600"}
{"count": 60, "count_fp": "60.00", "created_time": "2026-03-02T16:46:14.748615Z", "no_price": 94, "no_price_dollars": "0.9400", "price": 0.06, "taker_side": "yes", "ticker": "KXINX-26MAR06H1600-T6550", "trade_id": "5a2b4a2a-2c77-7a48-712d-700adfa8ce01", "yes_price": 6, "yes_price_dollars": "0.0600"}
{"count": 100, "count_fp": "100.00", "created_time": "2026-03-02T16:45:37.609617Z", "no_price": 93, "no_price_dollars": "0.9300", "price": 0.07, "taker_side": "yes", "ticker": "KXINX-26MAR06H1600-T6550", "trade_id": "81e73316-d904-7b92-6458-20cf9be560da", "yes_price": 7, "yes_price_dollars": "0.0700"}
{"count": 100, "count_fp": "100.00", "created_time": "2026-03-02T16:36:32.53753Z", "no_price": 91, "no_price_dollars": "0.9100", "price": 0.09, "taker_side": "yes", "ticker": "KXINX-26MAR06H1600-T6550", "trade_id": "56a54d97-70d8-573e-b877-ab7203a54f36", "yes_price": 9, "yes_price_dollars": "0.0900"}
{"count": 142, "count_fp": "142.00", "created_time": "2026-03-02T13:08:53.922021Z", "no_price": 88, "no_price_dollars": "0.8800", "price": 0.12, "taker_side": "yes", "ticker": "KXINX-26MAR06H1600-T6550", "trade_id": "0e1a08e8-667a-57b8-e499-678b6a97bef3", "yes_price": 12, "yes_price_dollars": "0.1200"}
{"count": 40, "count_fp": "40.00", "created_time": "2026-03-02T16:56:15.640713Z", "no_price": 90, "no_price_dollars": "0.9000", "price": 0.1, "taker_side": "no", "ticker": "KXINX-26MAR06H1600-B7237", "trade_id": "7c577968-f4c8-74f4-5c3e-b3567761ce37", "yes_price": 10, "yes_price_dollars": "0.1000"}
{"count": 60, "count_fp": "60.00", "created_time": "2026-03-02T16:56:15.60569Z", "no_price": 90, "no_price_dollars": "0.9000", "price": 0.1, "taker_side": "yes", "ticker": "KXINX-26MAR06H1600-B7237", "trade_id": "c7d2e65b-231a-6ccb-2a43-4c41955f1c66", "yes_price": 10, "yes_price_dollars": "0.1000"}
{"count": 100, "count_fp": "100.00", "created_time": "2026-03-02T16:55:37.19095Z", "no_price": 89, "no_price_dollars": "0.8900", "price": 0.11, "taker_side": "yes", "ticker": "KXINX-26MAR06H1600-B7237", "trade_id": "483f1197-5958-6cc5-c0b9-919d1ba42880", "yes_price": 11, "yes_price_dollars": "0.1100"}
{"count": 100, "count_fp": "100.00", "created_time": "2026-03-02T16:46:14.798005Z", "no_price": 97, "no_price_dollars": "0.9700", "price": 0.03, "taker_side": "yes", "ticker": "KXINX-26MAR06H1600-B7237", "trade_id": "582655aa-7509-692d-95b1-eaf5f822adf7", "yes_price": 3, "yes_price_dollars": "0.0300"}
{"count": 60, "count_fp": "60.00", "created_time": "2026-03-02T16:45:37.659538Z", "no_price": 98, "no_price_dollars": "0.9800", "price": 0.02, "taker_side": "yes", "ticker": "KXINX-26MAR06H1600-B7237", "trade_id": "ad3f76cf-672d-7001-fbac-0dfe21517aaf", "yes_price": 2, "yes_price_dollars": "0.0200"}
{"count": 40, "count_fp": "40.00", "created_time": "2026-03-02T16:45:37.659538Z", "no_price": 97, "no_price_dollars": "0.9700", "price": 0.03, "taker_side": "yes", "ticker": "KXINX-26MAR06H1600-B7237", "trade_id": "ab62e439-7995-7a39-c1b2-b1be5f2bb633", "yes_price": 3, "yes_price_dollars": "0.0300"}
{"count": 60, "count_fp": "60.00", "created_time": "2026-03-02T16:36:32.584939Z", "no_price": 98, "no_price_dollars": "0.9800", "price": 0.02, "taker_side": "yes", "ticker": "KXINX-26MAR06H1600-B7237", "trade_id": "14039ccb-8ce6-6d49-c255-aaecf377760a", "yes_price": 2, "yes_price_dollars": "0.0200"}
{"count": 40, "count_fp": "40.00", "created_time": "2026-03-02T16:56:54.982074Z", "no_price": 86, "no_price_dollars": "0.8600", "price": 0.14, "taker_side": "no", "ticker": "KXINX-26MAR06H1600-B7212", "trade_id": "a5ade85e-c8cb-7033-0485-7c2ca5c5cea2", "yes_price": 14, "yes_price_dollars": "0.1400"}
{"count": 60, "count_fp": "60.00", "created_time": "2026-03-02T16:56:54.947086Z", "no_price": 86, "no_price_dollars": "0.8600", "price": 0.14, "taker_side": "yes", "ticker": "KXINX-26MAR06H1600-B7212", "trade_id": "0a838f3b-a59c-43f9-c9a7-3772c1231346", "yes_price": 14, "yes_price_dollars": "0.1400"}
{"count": 40, "count_fp": "40.00", "created_time": "2026-03-02T16:56:15.894735Z", "no_price": 97, "no_price_dollars": "0.9700", "price": 0.03, "taker_side": "no", "ticker": "KXINX-26MAR06H1600-B7212", "trade_id": "18eeda8b-b43d-7163-16b2-a0de05c1cb95", "yes_price": 3, "yes_price_dollars": "0.0300"}
{"count": 60, "count_fp": "60.00", "created_time": "2026-03-02T16:55:37.231254Z", "no_price": 97, "no_price_dollars": "0.9700", "price": 0.03, "taker_side": "yes", "ticker": "KXINX-26MAR06H1600-B7212", "trade_id": "1a55a9f9-46cb-6ad9-be5e-37c41e85de64", "yes_price": 3, "yes_price_dollars": "0.0300"}
{"count": 60, "count_fp": "60.00", "created_time": "2026-03-02T16:46:14.846466Z", "no_price": 98, "no_price_dollars": "0.9800", "price": 0.02, "taker_side": "yes", "ticker": "KXINX-26MAR06H1600-B7212", "trade_id": "f6e06da7-e838-68c2-f5e1-4048a891c1e2", "yes_price": 2, "yes_price_dollars": "0.0200"}
{"count": 40, "count_fp": "40.00", "created_time": "2026-03-02T16:46:14.846466Z", "no_price": 97, "no_price_dollars": "0.9700", "price": 0.03, "taker_side": "yes", "ticker": "KXINX-26MAR06H1600-B7212", "trade_id": "1f8b2665-c282-68df-f69e-320049158fa7", "yes_price": 3, "yes_price_dollars": "0.0300"}
{"count": 40, "count_fp": "40.00", "created_time": "2026-03-02T16:45:37.706187Z", "no_price": 97, "no_price_dollars": "0.9700", "price": 0.03, "taker_side": "yes", "ticker": "KXINX-26MAR06H1600-B7212", "trade_id": "a747c85e-41ea-6f27-95ab-2e8e438aa703", "yes_price": 3, "yes_price_dollars": "0.0300"}
{"count": 60, "count_fp": "60.00", "created_time": "2026-03-02T16:45:37.706187Z", "no_price": 98, "no_price_dollars": "0.9800", "price": 0.02, "taker_side": "yes", "ticker": "KXINX-26MAR06H1600-B7212", "trade_id": "42430a47-dc60-652d-b5b9-8ac23e4d6d4e", "yes_price": 2, "yes_price_dollars": "0.0200"}
{"count": 60, "count_fp": "60.00", "created_time": "2026-03-02T16:36:32.630971Z", "no_price": 98, "no_price_dollars": "0.9800", "price": 0.02, "taker_side": "yes", "ticker": "KXINX-26MAR06H1600-B7212", "trade_id": "ad322493-d312-66bf-20b4-f24ce3a874a2", "yes_price": 2, "yes_price_dollars": "0.0200"}
{"count": 40, "count_fp": "40.00", "created_time": "2026-03-02T16:56:55.052836Z", "no_price": 89, "no_price_dollars": "0.8900", "price": 0.11, "taker_side": "no", "ticker": "KXINX-26MAR06H1600-B7187", "trade_id": "5168bac7-e9ff-7ba8-049f-dfa3ec7a0822", "yes_price": 11, "yes_price_dollars": "0.1100"}
{"count": 60, "count_fp": "60.00", "created_time": "2026-03-02T16:56:55.011187Z", "no_price": 89, "no_price_dollars": "0.8900", "price": 0.11, "taker_side": "yes", "ticker": "KXINX-26MAR06H1600-B7187", "trade_id": "f477e723-a9a4-73e8-fddd-e28f01a87d04", "yes_price": 11, "yes_price_dollars": "0.1100"}
{"count": 40, "count_fp": "40.00", "created_time": "2026-03-02T16:56:15.895504Z", "no_price": 98, "no_price_dollars": "0.9800", "price": 0.02, "taker_side": "no", "ticker": "KXINX-26MAR06H1600-B7187", "trade_id": "aaf20f64-6162-697a-240d-b90c013299f3", "yes_price": 2, "yes_price_dollars": "0.0200"}
{"count": 60, "count_fp": "60.00", "created_time": "2026-03-02T16:55:37.278909Z", "no_price": 98, "no_price_dollars": "0.9800", "price": 0.02, "taker_side": "yes", "ticker": "KXINX-26MAR06H1600-B7187", "trade_id": "1ab743a1-52b4-6e62-09d5-d272986b9b12", "yes_price": 2, "yes_price_dollars": "0.0200"}
{"count": 100, "count_fp": "100.00", "created_time": "2026-03-02T16:46:14.888626Z", "no_price": 97, "no_price_dollars": "0.9700", "price": 0.03, "taker_side": "yes", "ticker": "KXINX-26MAR06H1600-B7187", "trade_id": "bed18df2-e28f-4f1c-b7df-9b0be6486fde", "yes_price": 3, "yes_price_dollars": "0.0300"}
{"count": 40, "count_fp": "40.00", "created_time": "2026-03-02T16:45:37.751915Z", "no_price": 97, "no_price_dollars": "0.9700", "price": 0.03, "taker_side": "yes", "ticker": "KXINX-26MAR06H1600-B7187", "trade_id": "d6a3bdc9-67b7-6164-32f4-5a83cf40f97a", "yes_price": 3, "yes_price_dollars": "0.0300"}
{"count": 60, "count_fp": "60.00", "created_time": "2026-03-02T16:45:37.751915Z", "no_price": 98, "no_price_dollars": "0.9800", "price": 0.02, "taker_side": "yes", "ticker": "KXINX-26MAR06H1600-B7187", "trade_id": "84f2ff3f-3609-60f3-31b2-df003fd33aca", "yes_price": 2, "yes_price_dollars": "0.0200"}
{"count": 60, "count_fp": "60.00", "created_time": "2026-03-02T16:36:32.678616Z", "no_price": 98, "no_price_dollars": "0.9800", "price": 0.02, "taker_side": "yes", "ticker": "KXINX-26MAR06H1600-B7187", "trade_id": "3ba36578-2df4-56db-f42b-f7137333edc9", "yes_price": 2, "yes_price_dollars": "0.0200"}
{"count": 100, "count_fp": "100.00", "created_time": "2026-03-02T16:56:15.654901Z", "no_price": 88, "no_price_dollars": "0.8800", "price": 0.12, "taker_side": "yes", "ticker": "KXINX-26MAR06H1600-B7162", "trade_id": "81db35e6-ac44-4fc9-7ebf-fba0ccad8458", "yes_price": 12, "yes_price_dollars": "0.1200"}
{"count": 60, "count_fp": "60.00", "created_time": "2026-03-02T16:55:37.324681Z", "no_price": 89, "no_price_dollars": "0.8900", "price": 0.11, "taker_side": "yes", "ticker": "KXINX-26MAR06H1600-B7162", "trade_id": "79461d08-af85-6743-30a2-f4cc7c6a98c3", "yes_price": 11, "yes_price_dollars": "0.1100"}
{"count": 40, "count_fp": "40.00", "created_time": "2026-03-02T16:55:37.324681Z", "no_price": 88, "no_price_dollars": "0.8800", "price": 0.12, "taker_side": "yes", "ticker": "KXINX-26MAR06H1600-B7162", "trade_id": "590a4544-150c-6135-1a25-dc7d75e920fc", "yes_price": 12, "yes_price_dollars": "0.1200"}
{"count": 60, "count_fp": "60.00", "created_time": "2026-03-02T16:46:14.940702Z", "no_price": 98, "no_price_dollars": "0.9800", "price": 0.02, "taker_side": "yes", "ticker": "KXINX-26MAR06H1600-B7162", "trade_id": "e693b1dd-4605-5d0a-c350-7f3e25c577ec", "yes_price": 2, "yes_price_dollars": "0.0200"}
{"count": 100, "count_fp": "100.00", "created_time": "2026-03-02T16:45:37.843085Z", "no_price": 97, "no_price_dollars": "0.9700", "price": 0.03, "taker_side": "yes", "ticker": "KXINX-26MAR06H1600-B7162", "trade_id": "92fe4c9b-5f1b-6322-c6c5-b36e5e1e8b9d", "yes_price": 3, "yes_price_dollars": "0.0300"}
{"count": 100, "count_fp": "100.00", "created_time": "2026-03-02T16:36:32.729463Z", "no_price": 97, "no_price_dollars": "0.9700", "price": 0.03, "taker_side": "yes", "ticker": "KXINX-26MAR06H1600-B7162", "trade_id": "fbf10ccf-c673-687e-4799-ee9d85ef5891", "yes_price": 3, "yes_price_dollars": "0.0300"}
{"count": 40, "count_fp": "40.00", "created_time": "2026-03-02T16:56:15.748166Z", "no_price": 90, "no_price_dollars": "0.9000", "price": 0.1, "taker_side": "no", "ticker": "KXINX-26MAR06H1600-B7137", "trade_id": "7b7a8ae8-e28b-51c8-f5a6-298a5fc99670", "yes_price": 10, "yes_price_dollars": "0.1000"}
{"count": 60, "count_fp": "60.00", "created_time": "2026-03-02T16:56:15.704533Z", "no_price": 90, "no_price_dollars": "0.9000", "price": 0.1, "taker_side": "yes", "ticker": "KXINX-26MAR06H1600-B7137", "trade_id": "cf99344d-4b67-5be6-d88d-d965191112d0", "yes_price": 10, "yes_price_dollars": "0.1000"}
{"count": 100, "count_fp": "100.00", "created_time": "2026-03-02T16:55:37.369619Z", "no_price": 89, "no_price_dollars": "0.8900", "price": 0.11, "taker_side": "yes", "ticker": "KXINX-26MAR06H1600-B7137", "trade_id": "f4082660-6749-581a-6038-445e1d0de363", "yes_price": 11, "yes_price_dollars": "0.1100"}
{"count": 60, "count_fp": "60.00", "created_time": "2026-03-02T16:46:14.990045Z", "no_price": 98, "no_price_dollars": "0.9800", "price": 0.02, "taker_side": "yes", "ticker": "KXINX-26MAR06H1600-B7137", "trade_id": "95793401-9cec-6355-1bd1-ca9fc2c74ed7", "yes_price": 2, "yes_price_dollars": "0.0200"}
{"count": 60, "count_fp": "60.00", "created_time": "2026-03-02T16:45:37.891403Z", "no_price": 98, "no_price_dollars": "0.9800", "price": 0.02, "taker_side": "yes", "ticker": "KXINX-26MAR06H1600-B7137", "trade_id": "f8a36c11-c72b-6d22-ed7e-57d259fd2616", "yes_price": 2, "yes_price_dollars": "0.0200"}
{"count": 40, "count_fp": "40.00", "created_time": "2026-03-02T16:45:37.891403Z", "no_price": 97, "no_price_dollars": "0.9700", "price": 0.03, "taker_side": "yes", "ticker": "KXINX-26MAR06H1600-B7137", "trade_id": "a9294351-7cf0-6572-c6d1-18adb8554f24", "yes_price": 3, "yes_price_dollars": "0.0300"}
{"count": 100, "count_fp": "100.00", "created_time": "2026-03-02T16:36:32.771013Z", "no_price": 97, "no_price_dollars": "0.9700", "price": 0.03, "taker_side": "yes", "ticker": "KXINX-26MAR06H1600-B7137", "trade_id": "ff401cb7-cee8-7fce-65d5-1427e4a47344", "yes_price": 3, "yes_price_dollars": "0.0300"}
{"count": 100, "count_fp": "100.00", "created_time": "2026-03-02T16:56:15.806596Z", "no_price": 88, "no_price_dollars": "0.8800", "price": 0.12, "taker_side": "yes", "ticker": "KXINX-26MAR06H1600-B7112", "trade_id": "93d1c87a-a5e1-7921-3b01-813cb023b725", "yes_price": 12, "yes_price_dollars": "0.1200"}
{"count": 100, "count_fp": "100.00", "created_time": "2026-03-02T16:55:37.414278Z", "no_price": 88, "no_price_dollars": "0.8800", "price": 0.12, "taker_side": "yes", "ticker": "KXINX-26MAR06H1600-B7112", "trade_id": "8454ec7f-e0bd-4599-d99c-0398872aafa1", "yes_price": 12, "yes_price_dollars": "0.1200"}
{"count": 60, "count_fp": "60.00", "created_time": "2026-03-02T16:46:15.042539Z", "no_price": 98, "no_price_dollars": "0.9800", "price": 0.02, "taker_side": "yes", "ticker": "KXINX-26MAR06H1600-B7112", "trade_id": "2880df98-c8bb-427c-6084-b6c41376ce2c", "yes_price": 2, "yes_price_dollars": "0.0200"}
{"count": 100, "count_fp": "100.00", "created_time": "2026-03-02T16:45:37.937294Z", "no_price": 97, "no_price_dollars": "0.9700", "price": 0.03, "taker_side": "yes", "ticker": "KXINX-26MAR06H1600-B7112", "trade_id": "91d91430-8bab-46a1-dc16-50f299b3c893", "yes_price": 3, "yes_price_dollars": "0.0300"}
{"count": 100, "count_fp": "100.00", "created_time": "2026-03-02T16:36:32.818255Z", "no_price": 97, "no_price_dollars": "0.9700", "price": 0.03, "taker_side": "yes", "ticker": "KXINX-26MAR06H1600-B7112", "trade_id": "6c0a1205-8c9b-45a1-9fdc-2ee88f0f4fc7", "yes_price": 3, "yes_price_dollars": "0.0300"}
{"count": 40, "count_fp": "40.00", "created_time": "2026-03-02T16:56:55.108439Z", "no_price": 86, "no_price_dollars": "0.8600", "price": 0.14, "taker_side": "no", "ticker": "KXINX-26MAR06H1600-B7087", "trade_id": "f504f443-a10b-72e7-4668-5bbe4ffd75aa", "yes_price": 14, "yes_price_dollars": "0.1400"}
{"count": 60, "count_fp": "60.00", "created_time": "2026-03-02T16:56:55.062785Z", "no_price": 86, "no_price_dollars": "0.8600", "price": 0.14, "taker_side": "yes", "ticker": "KXINX-26MAR06H1600-B7087", "trade_id": "6bf9f870-0426-73eb-b4c4-7268c1bc1549", "yes_price": 14, "yes_price_dollars": "0.1400"}
{"count": 40, "count_fp": "40.00", "created_time": "2026-03-02T16:56:15.894832Z", "no_price": 97, "no_price_dollars": "0.9700", "price": 0.03, "taker_side": "no", "ticker": "KXINX-26MAR06H1600-B7087", "trade_id": "c1134734-6682-5cd4-4685-ea53b4f46227", "yes_price": 3, "yes_price_dollars": "0.0300"}
{"count": 60, "count_fp": "60.00", "created_time": "2026-03-02T16:55:37.459587Z", "no_price": 97, "no_price_dollars": "0.9700", "price": 0.03, "taker_side": "yes", "ticker": "KXINX-26MAR06H1600-B7087", "trade_id": "a10bb48f-3e6e-6248-caec-86749cbf9ea6", "yes_price": 3, "yes_price_dollars": "0.0300"}
{"count": 60, "count_fp": "60.00", "created_time": "2026-03-02T16:46:15.09286Z", "no_price": 97, "no_price_dollars": "0.9700", "price": 0.03, "taker_side": "yes", "ticker": "KXINX-26MAR06H1600-B7087", "trade_id": "4d45a12e-0083-4bb2-8f41-cbb445b7bd07", "yes_price": 3, "yes_price_dollars": "0.0300"}
{"count": 100, "count_fp": "100.00", "created_time": "2026-03-02T16:45:37.984722Z", "no_price": 96, "no_price_dollars": "0.9600", "price": 0.04, "taker_side": "yes", "ticker": "KXINX-26MAR06H1600-B7087", "trade_id": "8a480dfa-e673-748d-44e0-71a6649fc9af", "yes_price": 4, "yes_price_dollars": "0.0400"}
{"count": 100, "count_fp": "100.00", "created_time": "2026-03-02T16:36:32.910532Z", "no_price": 96, "no_price_dollars": "0.9600", "price": 0.04, "taker_side": "yes", "ticker": "KXINX-26MAR06H1600-B7087", "trade_id": "fa334fbc-a1e7-71c9-3fe3-fe740cadde03", "yes_price": 4, "yes_price_dollars": "0.0400"}
{"count": 100, "count_fp": "100.00", "created_time": "2026-03-02T17:49:19.20204Z", "no_price": 99, "no_price_dollars": "0.9900", "price": 0.01, "taker_side": "no", "ticker": "KXINX-26MAR06H1600-B7062", "trade_id": "42953259-c72a-6e57-67fb-ad92bb384e80", "yes_price": 1, "yes_price_dollars": "0.0100"}
{"count": 100, "count_fp": "100.00", "created_time": "2026-03-02T17:49:02.332908Z", "no_price": 99, "no_price_dollars": "0.9900", "price": 0.01, "taker_side": "no", "ticker": "KXINX-26MAR06H1600-B7062", "trade_id": "54373f98-57c2-62af-e233-0f6afd0b89ec", "yes_price": 1, "yes_price_dollars": "0.0100"}
{"count": 100, "count_fp": "100.00", "created_time": "2026-03-02T17:49:01.145846Z", "no_price": 95, "no_price_dollars": "0.9500", "price": 0.05, "taker_side": "yes", "ticker": "KXINX-26MAR06H1600-B7062", "trade_id": "7d46e7ce-7053-7db2-54cd-dd3e5b6bcbc0", "yes_price": 5, "yes_price_dollars": "0.0500"}
{"count": 100, "count_fp": "100.00", "created_time": "2026-03-02T17:48:43.877412Z", "no_price": 95, "no_price_dollars": "0.9500", "price": 0.05, "taker_side": "yes", "ticker": "KXINX-26MAR06H1600-B7062", "trade_id": "864b9b16-2acb-5bde-b4ce-111d5e9835c4", "yes_price": 5, "yes_price_dollars": "0.0500"}
{"count": 100, "count_fp": "100.00", "created_time": "2026-03-02T17:48:19.627855Z", "no_price": 99, "no_price_dollars": "0.9900", "price": 0.01, "taker_side": "no", "ticker": "KXINX-26MAR06H1600-B7062", "trade_id": "f75839c9-0285-5791-e6fd-215bd6d5ad26", "yes_price": 1, "yes_price_dollars": "0.0100"}
{"count": 100, "count_fp": "100.00", "created_time": "2026-03-02T17:48:01.672068Z", "no_price": 95, "no_price_dollars": "0.9500", "price": 0.05, "taker_side": "yes", "ticker": "KXINX-26MAR06H1600-B7062", "trade_id": "fdf38a6f-e71c-5bdb-c033-36b3b949b708", "yes_price": 5, "yes_price_dollars": "0.0500"}
{"count": 100, "count_fp": "100.00", "created_time": "2026-03-02T17:47:45.757393Z", "no_price": 99, "no_price_dollars": "0.9900", "price": 0.01, "taker_side": "no", "ticker": "KXINX-26MAR06H1600-B7062", "trade_id": "290de84d-7bdf-66ca-43a0-a55c9e6cbb38", "yes_price": 1, "yes_price_dollars": "0.0100"}
{"count": 100, "count_fp": "100.00", "created_time": "2026-03-02T17:47:18.500396Z", "no_price": 99, "no_price_dollars": "0.9900", "price": 0.01, "taker_side": "no", "ticker": "KXINX-26MAR06H1600-B7062", "trade_id": "c3468aff-cf6b-60fa-c493-b76b28e7ccf0", "yes_price": 1, "yes_price_dollars": "0.0100"}
{"count": 100, "count_fp": "100.00", "created_time": "2026-03-02T17:47:16.745739Z", "no_price": 95, "no_price_dollars": "0.9500", "price": 0.05, "taker_side": "yes", "ticker": "KXINX-26MAR06H1600-B7062", "trade_id": "09c45fd7-ac24-6d43-7fc3-1eeb049a6d20", "yes_price": 5, "yes_price_dollars": "0.0500"}
{"count": 100, "count_fp": "100.00", "created_time": "2026-03-02T17:46:59.178394Z", "no_price": 95, "no_price_dollars": "0.9500", "price": 0.05, "taker_side": "yes", "ticker": "KXINX-26MAR06H1600-B7062", "trade_id": "0b2584bc-9bf8-7233-1485-f067dcb7cf64", "yes_price": 5, "yes_price_dollars": "0.0500"}
{"count": 100, "count_fp": "100.00", "created_time": "2026-03-02T17:46:16.304881Z", "no_price": 99, "no_price_dollars": "0.9900", "price": 0.01, "taker_side": "no", "ticker": "KXINX-26MAR06H1600-B7062", "trade_id": "ae5f8696-930b-5f96-6c4f-f21122dbfdd4", "yes_price": 1, "yes_price_dollars": "0.0100"}
{"count": 100, "count_fp": "100.00", "created_time": "2026-03-02T17:45:58.743676Z", "no_price": 99, "no_price_dollars": "0.9900", "price": 0.01, "taker_side": "no", "ticker": "KXINX-26MAR06H1600-B7062", "trade_id": "22f7721b-bdd7-5d32-c5b4-fedb9aa63900", "yes_price": 1, "yes_price_dollars": "0.0100"}
{"count": 100, "count_fp": "100.00", "created_time": "2026-03-02T17:45:56.792474Z", "no_price": 95, "no_price_dollars": "0.9500", "price": 0.05, "taker_side": "yes", "ticker": "KXINX-26MAR06H1600-B7062", "trade_id": "0f006ec3-c334-6287-3eea-ffea9965ce98", "yes_price": 5, "yes_price_dollars": "0.0500"}
{"count": 100, "count_fp": "100.00", "created_time": "2026-03-02T17:45:39.04724Z", "no_price": 95, "no_price_dollars": "0.9500", "price": 0.05, "taker_side": "yes", "ticker": "KXINX-26MAR06H1600-B7062", "trade_id": "2e661ec8-2a6c-541f-c32f-c04ce5129f94", "yes_price": 5, "yes_price_dollars": "0.0500"}
{"count": 460, "count_fp": "460.00", "created_time": "2026-03-02T17:45:23.029348Z", "no_price": 99, "no_price_dollars": "0.9900", "price": 0.01, "taker_side": "no", "ticker": "KXINX-26MAR06H1600-B7062", "trade_id": "516ddad1-06e7-7fe6-f74a-8c65e30c6a78", "yes_price": 1, "yes_price_dollars": "0.0100"}
{"count": 26, "count_fp": "26.00", "created_time": "2026-03-02T16:57:27.764199Z", "no_price": 84, "no_price_dollars": "0.8400", "price": 0.16, "taker_side": "no", "ticker": "KXINX-26MAR06H1600-B7062", "trade_id": "60ba7f73-2d15-5694-c392-d0e50a67389f", "yes_price": 16, "yes_price_dollars": "0.1600"}
{"count": 14, "count_fp": "14.00", "created_time": "2026-03-02T16:57:27.731319Z", "no_price": 84, "no_price_dollars": "0.8400", "price": 0.16, "taker_side": "yes", "ticker": "KXINX-26MAR06H1600-B7062", "trade_id": "a5c05cca-e18b-5f6d-1931-ebcaf3684997", "yes_price": 16, "yes_price_dollars": "0.1600"}
{"count": 60, "count_fp": "60.00", "created_time": "2026-03-02T16:57:27.731319Z", "no_price": 85, "no_price_dollars": "0.8500", "price": 0.15, "taker_side": "yes", "ticker": "KXINX-26MAR06H1600-B7062", "trade_id": "4d982f59-cf60-576c-36e1-bd0942ed71b8", "yes_price": 15, "yes_price_dollars": "0.1500"}
{"count": 100, "count_fp": "100.00", "created_time": "2026-03-02T16:56:55.141727Z", "no_price": 85, "no_price_dollars": "0.8500", "price": 0.15, "taker_side": "no", "ticker": "KXINX-26MAR06H1600-B7062", "trade_id": "c83c88b2-1271-605b-2023-0fbd8a9364af", "yes_price": 15, "yes_price_dollars": "0.1500"}
{"count": 40, "count_fp": "40.00", "created_time": "2026-03-02T16:56:15.897661Z", "no_price": 96, "no_price_dollars": "0.9600", "price": 0.04, "taker_side": "no", "ticker": "KXINX-26MAR06H1600-B7062", "trade_id": "9c629dce-1035-4182-bf87-c136e1e1595d", "yes_price": 4, "yes_price_dollars": "0.0400"}
{"count": 60, "count_fp": "60.00", "created_time": "2026-03-02T16:55:37.505951Z", "no_price": 96, "no_price_dollars": "0.9600", "price": 0.04, "taker_side": "yes", "ticker": "KXINX-26MAR06H1600-B7062", "trade_id": "daa0c6ae-4e9a-5647-bc4f-68f0d06ef56b", "yes_price": 4, "yes_price_dollars": "0.0400"}
{"count": 100, "count_fp": "100.00", "created_time": "2026-03-02T16:45:38.031193Z", "no_price": 95, "no_price_dollars": "0.9500", "price": 0.05, "taker_side": "yes", "ticker": "KXINX-26MAR06H1600-B7062", "trade_id": "91f62773-e478-5c44-7eee-6d4f3f10d39d", "yes_price": 5, "yes_price_dollars": "0.0500"}
{"count": 60, "count_fp": "60.00", "created_time": "2026-03-02T16:36:32.960038Z", "no_price": 97, "no_price_dollars": "0.9700", "price": 0.03, "taker_side": "yes", "ticker": "KXINX-26MAR06H1600-B7062", "trade_id": "f9c5f67b-d411-550b-b1fb-3c237d21a6b1", "yes_price": 3, "yes_price_dollars": "0.0300"}
{"count": 25, "count_fp": "25.00", "created_time": "2026-03-02T21:42:07.503479Z", "no_price": 94, "no_price_dollars": "0.9400", "price": 0.06, "taker_side": "yes", "ticker": "KXINX-26MAR06H1600-B7037", "trade_id": "e0095a56-e273-78d1-caa1-6df6342206c7", "yes_price": 6, "yes_price_dollars": "0.0600"}
{"count": 255, "count_fp": "255.00", "created_time": "2026-03-02T21:42:07.503479Z", "no_price": 93, "no_price_dollars": "0.9300", "price": 0.07, "taker_side": "yes", "ticker": "KXINX-26MAR06H1600-B7037", "trade_id": "537166f2-8867-711f-e8f2-0a9c4eda64bf", "yes_price": 7, "yes_price_dollars": "0.0700"}
{"count": 100, "count_fp": "100.00", "created_time": "2026-03-02T16:56:55.202186Z", "no_price": 89, "no_price_dollars": "0.8900", "price": 0.11, "taker_side": "no", "ticker": "KXINX-26MAR06H1600-B7037", "trade_id": "d24787cb-fda2-439b-0fcd-fa921fa7f2d1", "yes_price": 11, "yes_price_dollars": "0.1100"}
{"count": 40, "count_fp": "40.00", "created_time": "2026-03-02T16:56:15.894708Z", "no_price": 93, "no_price_dollars": "0.9300", "price": 0.07, "taker_side": "no", "ticker": "KXINX-26MAR06H1600-B7037", "trade_id": "2422f055-0607-6629-6d9f-e16659e913b8", "yes_price": 7, "yes_price_dollars": "0.0700"}
{"count": 60, "count_fp": "60.00", "created_time": "2026-03-02T16:55:37.552753Z", "no_price": 93, "no_price_dollars": "0.9300", "price": 0.07, "taker_side": "yes", "ticker": "KXINX-26MAR06H1600-B7037", "trade_id": "c666e41f-84f4-4b4c-e378-f8a1f3b28541", "yes_price": 7, "yes_price_dollars": "0.0700"}
{"count": 60, "count_fp": "60.00", "created_time": "2026-03-02T16:46:15.186826Z", "no_price": 93, "no_price_dollars": "0.9300", "price": 0.07, "taker_side": "yes", "ticker": "KXINX-26MAR06H1600-B7037", "trade_id": "58592b0c-5df0-4fd6-5a28-91cff11932c2", "yes_price": 7, "yes_price_dollars": "0.0700"}
{"count": 40, "count_fp": "40.00", "created_time": "2026-03-02T16:46:15.186826Z", "no_price": 92, "no_price_dollars": "0.9200", "price": 0.08, "taker_side": "yes", "ticker": "KXINX-26MAR06H1600-B7037", "trade_id": "1eb9eb6a-f719-4ed5-7d0f-70c4dfe3bad5", "yes_price": 8, "yes_price_dollars": "0.0800"}
{"count": 60, "count_fp": "60.00", "created_time": "2026-03-02T16:45:38.075229Z", "no_price": 93, "no_price_dollars": "0.9300", "price": 0.07, "taker_side": "yes", "ticker": "KXINX-26MAR06H1600-B7037", "trade_id": "f09b360c-eed9-682a-1989-5f74cfd277fa", "yes_price": 7, "yes_price_dollars": "0.0700"}
{"count": 40, "count_fp": "40.00", "created_time": "2026-03-02T16:45:38.075229Z", "no_price": 92, "no_price_dollars": "0.9200", "price": 0.08, "taker_side": "yes", "ticker": "KXINX-26MAR06H1600-B7037", "trade_id": "ea386cc2-3125-6525-02b4-b2824ee5dda1", "yes_price": 8, "yes_price_dollars": "0.0800"}
{"count": 60, "count_fp": "60.00", "created_time": "2026-03-02T16:36:33.00768Z", "no_price": 95, "no_price_dollars": "0.9500", "price": 0.05, "taker_side": "yes", "ticker": "KXINX-26MAR06H1600-B7037", "trade_id": "5fe1c7e6-ab54-68f7-d529-734019efc2c2", "yes_price": 5, "yes_price_dollars": "0.0500"}
{"count": 242, "count_fp": "242.00", "created_time": "2026-03-02T23:02:04.834648Z", "no_price": 92, "no_price_dollars": "0.9200", "price": 0.08, "taker_side": "yes", "ticker": "KXINX-26MAR06H1600-B7012", "trade_id": "a2041afd-11e2-5a61-bd53-2e1cde1b26b4", "yes_price": 8, "yes_price_dollars": "0.0800"}
{"count": 45, "count_fp": "45.00", "created_time": "2026-03-02T21:40:48.815823Z", "no_price": 92, "no_price_dollars": "0.9200", "price": 0.08, "taker_side": "yes", "ticker": "KXINX-26MAR06H1600-B7012", "trade_id": "40d16ba2-fb17-4c79-80e3-dc06a4e49777", "yes_price": 8, "yes_price_dollars": "0.0800"}
{"count": 25, "count_fp": "25.00", "created_time": "2026-03-02T20:55:15.887005Z", "no_price": 90, "no_price_dollars": "0.9000", "price": 0.1, "taker_side": "yes", "ticker": "KXINX-26MAR06H1600-B7012", "trade_id": "069fc02b-ad05-7820-bb0e-8625cdf8d60e", "yes_price": 10, "yes_price_dollars": "0.1000"}
{"count": 420, "count_fp": "420.00", "created_time": "2026-03-02T17:48:19.582182Z", "no_price": 92, "no_price_dollars": "0.9200", "price": 0.08, "taker_side": "no", "ticker": "KXINX-26MAR06H1600-B7012", "trade_id": "1aac221a-bf35-7269-7951-ab682572d769", "yes_price": 8, "yes_price_dollars": "0.0800"}
{"count": 60, "count_fp": "60.00", "created_time": "2026-03-02T16:56:15.896025Z", "no_price": 67, "no_price_dollars": "0.6700", "price": 0.33, "taker_side": "no", "ticker": "KXINX-26MAR06H1600-B7012", "trade_id": "355be6f4-7387-70e2-31d6-0e3f1ee4d88c", "yes_price": 33, "yes_price_dollars": "0.3300"}
{"count": 40, "count_fp": "40.00", "created_time": "2026-03-02T16:56:15.895397Z", "no_price": 67, "no_price_dollars": "0.6700", "price": 0.33, "taker_side": "no", "ticker": "KXINX-26MAR06H1600-B7012", "trade_id": "6a5c598f-0677-4932-0723-3a8cd3bb3648", "yes_price": 33, "yes_price_dollars": "0.3300"}
{"count": 88, "count_fp": "88.00", "created_time": "2026-03-02T16:55:37.676348Z", "no_price": 69, "no_price_dollars": "0.6900", "price": 0.31, "taker_side": "no", "ticker": "KXINX-26MAR06H1600-B7012", "trade_id": "f1e0f45a-4e82-6b3d-88a4-2b93aebe4ed0", "yes_price": 31, "yes_price_dollars": "0.3100"}
{"count": 12, "count_fp": "12.00", "created_time": "2026-03-02T16:55:37.640922Z", "no_price": 69, "no_price_dollars": "0.6900", "price": 0.31, "taker_side": "yes", "ticker": "KXINX-26MAR06H1600-B7012", "trade_id": "0571e811-be09-5dc4-debb-6f33884b5ed3", "yes_price": 31, "yes_price_dollars": "0.3100"}
{"count": 60, "count_fp": "60.00", "created_time": "2026-03-02T16:46:15.233031Z", "no_price": 89, "no_price_dollars": "0.8900", "price": 0.11, "taker_side": "yes", "ticker": "KXINX-26MAR06H1600-B7012", "trade_id": "a3e4f2b3-37cf-7128-95ea-d9cd8b3775d1", "yes_price": 11, "yes_price_dollars": "0.1100"}
{"count": 100, "count_fp": "100.00", "created_time": "2026-03-02T16:45:38.124022Z", "no_price": 88, "no_price_dollars": "0.8800", "price": 0.12, "taker_side": "yes", "ticker": "KXINX-26MAR06H1600-B7012", "trade_id": "46c7daba-b240-6a7a-7a98-bceb6af0329f", "yes_price": 12, "yes_price_dollars": "0.1200"}
{"count": 60, "count_fp": "60.00", "created_time": "2026-03-02T16:36:33.058776Z", "no_price": 92, "no_price_dollars": "0.9200", "price": 0.08, "taker_side": "yes", "ticker": "KXINX-26MAR06H1600-B7012", "trade_id": "ade31535-0dc4-7e5b-1e50-c8cbee14b9b9", "yes_price": 8, "yes_price_dollars": "0.0800"}
{"count": 25, "count_fp": "25.00", "created_time": "2026-03-02T22:38:14.88006Z", "no_price": 87, "no_price_dollars": "0.8700", "price": 0.13, "taker_side": "yes", "ticker": "KXINX-26MAR06H1600-B6987", "trade_id": "fff6761d-01dc-657e-9c10-25de5e6692a9", "yes_price": 13, "yes_price_dollars": "0.1300"}
{"count": 7, "count_fp": "7.00", "created_time": "2026-03-02T22:38:14.88006Z", "no_price": 79, "no_price_dollars": "0.7900", "price": 0.21, "taker_side": "yes", "ticker": "KXINX-26MAR06H1600-B6987", "trade_id": "001b10fc-106d-685a-99e6-30cd41aff43c", "yes_price": 21, "yes_price_dollars": "0.2100"}
{"count": 49, "count_fp": "49.00", "created_time": "2026-03-02T21:35:19.976268Z", "no_price": 90, "no_price_dollars": "0.9000", "price": 0.1, "taker_side": "no", "ticker": "KXINX-26MAR06H1600-B6987", "trade_id": "7f679aeb-d065-418d-be60-bea8696768d9", "yes_price": 10, "yes_price_dollars": "0.1000"}
{"count": 2, "count_fp": "2.00", "created_time": "2026-03-02T21:23:47.830544Z", "no_price": 88, "no_price_dollars": "0.8800", "price": 0.12, "taker_side": "yes", "ticker": "KXINX-26MAR06H1600-B6987", "trade_id": "53a5db60-4e8f-6cf4-af39-8161b4f91d66", "yes_price": 12, "yes_price_dollars": "0.1200"}
{"count": 1, "count_fp": "1.00", "created_time": "2026-03-02T21:21:31.290384Z", "no_price": 90, "no_price_dollars": "0.9000", "price": 0.1, "taker_side": "no", "ticker": "KXINX-26MAR06H1600-B6987", "trade_id": "3d297ee2-28d1-4c65-0879-534b4d501127", "yes_price": 10, "yes_price_dollars": "0.1000"}
{"count": 1, "count_fp": "1.00", "created_time": "2026-03-02T21:21:29.500116Z", "no_price": 90, "no_price_dollars": "0.9000", "price": 0.1, "taker_side": "no", "ticker": "KXINX-26MAR06H1600-B6987", "trade_id": "3e4df12b-e9a9-519d-01bd-d981a378f9fb", "yes_price": 10, "yes_price_dollars": "0.1000"}
{"count": 89, "count_fp": "89.00", "created_time": "2026-03-02T20:00:37.24849Z", "no_price": 88, "no_price_dollars": "0.8800", "price": 0.12, "taker_side": "yes", "ticker": "KXINX-26MAR06H1600-B6987", "trade_id": "1d3bc10c-f75a-61df-194e-0a787b96c1bc", "yes_price": 12, "yes_price_dollars": "0.1200"}
{"count": 3, "count_fp": "3.00", "created_time": "2026-03-02T20:00:37.24849Z", "no_price": 88, "no_price_dollars": "0.8800", "price": 0.12, "taker_side": "yes", "ticker": "KXINX-26MAR06H1600-B6987", "trade_id": "017bdad8-cbed-6a56-162b-112301173538", "yes_price": 12, "yes_price_dollars": "0.1200"}
{"count": 9, "count_fp": "9.00", "created_time": "2026-03-02T19:11:54.792799Z", "no_price": 89, "no_price_dollars": "0.8900", "price": 0.11, "taker_side": "yes", "ticker": "KXINX-26MAR06H1600-B6987", "trade_id": "fbc8044e-e6a7-6613-7aa0-b80893842dca", "yes_price": 11, "yes_price_dollars": "0.1100"}
{"count": 10, "count_fp": "10.00", "created_time": "2026-03-02T18:58:46.404646Z", "no_price": 90, "no_price_dollars": "0.9000", "price": 0.1, "taker_side": "no", "ticker": "KXINX-26MAR06H1600-B6987", "trade_id": "1b79ad37-cef7-692d-b888-7f33d03e56b1", "yes_price": 10, "yes_price_dollars": "0.1000"}
{"count": 100, "count_fp": "100.00", "created_time": "2026-03-02T17:48:43.97433Z", "no_price": 85, "no_price_dollars": "0.8500", "price": 0.15, "taker_side": "yes", "ticker": "KXINX-26MAR06H1600-B6987", "trade_id": "01db13a3-a3f4-46e4-393e-c34e696c91c1", "yes_price": 15, "yes_price_dollars": "0.1500"}
{"count": 100, "count_fp": "100.00", "created_time": "2026-03-02T17:48:01.766025Z", "no_price": 85, "no_price_dollars": "0.8500", "price": 0.15, "taker_side": "yes", "ticker": "KXINX-26MAR06H1600-B6987", "trade_id": "43aaaa8f-5d67-4147-4d53-3681186d7bdc", "yes_price": 15, "yes_price_dollars": "0.1500"}
{"count": 100, "count_fp": "100.00", "created_time": "2026-03-02T17:46:59.224298Z", "no_price": 85, "no_price_dollars": "0.8500", "price": 0.15, "taker_side": "yes", "ticker": "KXINX-26MAR06H1600-B6987", "trade_id": "9fd85d5b-4857-5e2b-ef96-9bebb8fe00b8", "yes_price": 15, "yes_price_dollars": "0.1500"}
{"count": 100, "count_fp": "100.00", "created_time": "2026-03-02T17:45:39.095647Z", "no_price": 85, "no_price_dollars": "0.8500", "price": 0.15, "taker_side": "yes", "ticker": "KXINX-26MAR06H1600-B6987", "trade_id": "24c3df1c-6d8f-62d7-b69f-2a04bcf51ad4", "yes_price": 15, "yes_price_dollars": "0.1500"}
{"count": 500, "count_fp": "500.00", "created_time": "2026-03-02T17:45:22.885021Z", "no_price": 90, "no_price_dollars": "0.9000", "price": 0.1, "taker_side": "no", "ticker": "KXINX-26MAR06H1600-B6987", "trade_id": "91393d0f-dcff-624a-0ac2-3d7c26a70aa0", "yes_price": 10, "yes_price_dollars": "0.1000"}
{"count": 100, "count_fp": "100.00", "created_time": "2026-03-02T16:56:15.906285Z", "no_price": 70, "no_price_dollars": "0.7000", "price": 0.3, "taker_side": "yes", "ticker": "KXINX-26MAR06H1600-B6987", "trade_id": "e55e3823-e5cb-53ba-fe17-31ec5923990a", "yes_price": 30, "yes_price_dollars": "0.3000"}
{"count": 51, "count_fp": "51.00", "created_time": "2026-03-02T16:55:37.719905Z", "no_price": 71, "no_price_dollars": "0.7100", "price": 0.29, "taker_side": "no", "ticker": "KXINX-26MAR06H1600-B6987", "trade_id": "63f70c1b-7972-620a-4b2f-f76c4b49a7f9", "yes_price": 29, "yes_price_dollars": "0.2900"}
{"count": 49, "count_fp": "49.00", "created_time": "2026-03-02T16:55:37.689868Z", "no_price": 71, "no_price_dollars": "0.7100", "price": 0.29, "taker_side": "yes", "ticker": "KXINX-26MAR06H1600-B6987", "trade_id": "b3ad18e6-1ae8-5c7d-0a88-4ad2458b289a", "yes_price": 29, "yes_price_dollars": "0.2900"}
{"count": 100, "count_fp": "100.00", "created_time": "2026-03-02T16:46:15.279786Z", "no_price": 85, "no_price_dollars": "0.8500", "price": 0.15, "taker_side": "yes", "ticker": "KXINX-26MAR06H1600-B6987", "trade_id": "844fc8a3-806f-78ca-2187-99aae4270baa", "yes_price": 15, "yes_price_dollars": "0.1500"}
{"count": 100, "count_fp": "100.00", "created_time": "2026-03-02T16:45:38.167763Z", "no_price": 85, "no_price_dollars": "0.8500", "price": 0.15, "taker_side": "yes", "ticker": "KXINX-26MAR06H1600-B6987", "trade_id": "f2256211-af2f-7b62-ee38-49fef2b8032a", "yes_price": 15, "yes_price_dollars": "0.1500"}
{"count": 100, "count_fp": "100.00", "created_time": "2026-03-02T16:36:33.101958Z", "no_price": 87, "no_price_dollars": "0.8700", "price": 0.13, "taker_side": "yes", "ticker": "KXINX-26MAR06H1600-B6987", "trade_id": "54789273-4a6b-6c7e-bb09-9e06474c82ae", "yes_price": 13, "yes_price_dollars": "0.1300"}
{"count": 15, "count_fp": "15.00", "created_time": "2026-03-02T22:51:04.129261Z", "no_price": 91, "no_price_dollars": "0.9100", "price": 0.09, "taker_side": "no", "ticker": "KXINX-26MAR06H1600-B6962", "trade_id": "f3a2c490-d229-62e5-d7b2-e75b0b17e9ad", "yes_price": 9, "yes_price_dollars": "0.0900"}
{"count": 12, "count_fp": "12.00", "created_time": "2026-03-02T22:51:04.129261Z", "no_price": 90, "no_price_dollars": "0.9000", "price": 0.1, "taker_side": "no", "ticker": "KXINX-26MAR06H1600-B6962", "trade_id": "a3e3ed55-b006-63f0-d27a-2a755205b1b1", "yes_price": 10, "yes_price_dollars": "0.1000"}
{"count": 10, "count_fp": "10.00", "created_time": "2026-03-02T22:51:04.129261Z", "no_price": 98, "no_price_dollars": "0.9800", "price": 0.02, "taker_side": "no", "ticker": "KXINX-26MAR06H1600-B6962", "trade_id": "a159dc34-6f0e-6fdb-f6b1-fc1ca1f7856a", "yes_price": 2, "yes_price_dollars": "0.0200"}
{"count": 2, "count_fp": "2.00", "created_time": "2026-03-02T22:37:56.896258Z", "no_price": 88, "no_price_dollars": "0.8800", "price": 0.12, "taker_side": "yes", "ticker": "KXINX-26MAR06H1600-B6962", "trade_id": "961daed2-5b31-7c04-7556-7c7dfc89f09e", "yes_price": 12, "yes_price_dollars": "0.1200"}
{"count": 25, "count_fp": "25.00", "created_time": "2026-03-02T22:37:56.896258Z", "no_price": 86, "no_price_dollars": "0.8600", "price": 0.14, "taker_side": "yes", "ticker": "KXINX-26MAR06H1600-B6962", "trade_id": "72123bde-871e-738f-7073-cf9d82c56a9c", "yes_price": 14, "yes_price_dollars": "0.1400"}
{"count": 4, "count_fp": "4.00", "created_time": "2026-03-02T22:37:56.896258Z", "no_price": 76, "no_price_dollars": "0.7600", "price": 0.24, "taker_side": "yes", "ticker": "KXINX-26MAR06H1600-B6962", "trade_id": "0e0b9df5-db94-768b-73e6-1d897c8d7deb", "yes_price": 24, "yes_price_dollars": "0.2400"}
{"count": 49, "count_fp": "49.00", "created_time": "2026-03-02T21:35:20.364294Z", "no_price": 90, "no_price_dollars": "0.9000", "price": 0.1, "taker_side": "no", "ticker": "KXINX-26MAR06H1600-B6962", "trade_id": "8282656c-46ab-7cf8-3dcd-3c57ddfbd667", "yes_price": 10, "yes_price_dollars": "0.1000"}
{"count": 1, "count_fp": "1.00", "created_time": "2026-03-02T20:17:59.141934Z", "no_price": 89, "no_price_dollars": "0.8900", "price": 0.11, "taker_side": "no", "ticker": "KXINX-26MAR06H1600-B6962", "trade_id": "e532812a-2e43-70c1-9924-9ef4f590f813", "yes_price": 11, "yes_price_dollars": "0.1100"}
{"count": 9, "count_fp": "9.00", "created_time": "2026-03-02T20:06:41.333048Z", "no_price": 89, "no_price_dollars": "0.8900", "price": 0.11, "taker_side": "yes", "ticker": "KXINX-26MAR06H1600-B6962", "trade_id": "c9d90ce5-b032-4991-1f86-bb87ff10dd14", "yes_price": 11, "yes_price_dollars": "0.1100"}
{"count": 5, "count_fp": "5.00", "created_time": "2026-03-02T20:01:00.579573Z", "no_price": 90, "no_price_dollars": "0.9000", "price": 0.1, "taker_side": "no", "ticker": "KXINX-26MAR06H1600-B6962", "trade_id": "32c9d451-dfaa-4a10-cb32-e7e2abc4e7e0", "yes_price": 10, "yes_price_dollars": "0.1000"}
{"count": 90, "count_fp": "90.00", "created_time": "2026-03-02T16:57:27.812388Z", "no_price": 75, "no_price_dollars": "0.7500", "price": 0.25, "taker_side": "no", "ticker": "KXINX-26MAR06H1600-B6962", "trade_id": "5dfa4ac5-41d8-69c4-b798-f9f5b9f29021", "yes_price": 25, "yes_price_dollars": "0.2500"}
{"count": 10, "count_fp": "10.00", "created_time": "2026-03-02T16:57:27.781745Z", "no_price": 75, "no_price_dollars": "0.7500", "price": 0.25, "taker_side": "yes", "ticker": "KXINX-26MAR06H1600-B6962", "trade_id": "9a0dd898-cefa-411d-a3ca-17828d4e7826", "yes_price": 25, "yes_price_dollars": "0.2500"}
{"count": 50, "count_fp": "50.00", "created_time": "2026-03-02T16:56:55.211069Z", "no_price": 76, "no_price_dollars": "0.7600", "price": 0.24, "taker_side": "yes", "ticker": "KXINX-26MAR06H1600-B6962", "trade_id": "71db3d9b-cb6c-5096-2bcc-6ff95f532898", "yes_price": 24, "yes_price_dollars": "0.2400"}
{"count": 50, "count_fp": "50.00", "created_time": "2026-03-02T16:56:55.211069Z", "no_price": 75, "no_price_dollars": "0.7500", "price": 0.25, "taker_side": "yes", "ticker": "KXINX-26MAR06H1600-B6962", "trade_id": "45d831e6-e13e-55ed-3969-fcca54dddb36", "yes_price": 25, "yes_price_dollars": "0.2500"}
{"count": 40, "count_fp": "40.00", "created_time": "2026-03-02T16:56:15.897136Z", "no_price": 86, "no_price_dollars": "0.8600", "price": 0.14, "taker_side": "no", "ticker": "KXINX-26MAR06H1600-B6962", "trade_id": "e897af66-e025-4c52-3310-ef05248a9db0", "yes_price": 14, "yes_price_dollars": "0.1400"}
{"count": 60, "count_fp": "60.00", "created_time": "2026-03-02T16:55:37.776499Z", "no_price": 86, "no_price_dollars": "0.8600", "price": 0.14, "taker_side": "yes", "ticker": "KXINX-26MAR06H1600-B6962", "trade_id": "0dab2709-be33-57f2-cafc-d446c6a13f11", "yes_price": 14, "yes_price_dollars": "0.1400"}
{"count": 100, "count_fp": "100.00", "created_time": "2026-03-02T16:45:38.218181Z", "no_price": 85, "no_price_dollars": "0.8500", "price": 0.15, "taker_side": "yes", "ticker": "KXINX-26MAR06H1600-B6962", "trade_id": "b2de07b1-7c30-432a-b39c-f47618b754e2", "yes_price": 15, "yes_price_dollars": "0.1500"}
{"count": 60, "count_fp": "60.00", "created_time": "2026-03-02T16:36:33.149386Z", "no_price": 87, "no_price_dollars": "0.8700", "price": 0.13, "taker_side": "yes", "ticker": "KXINX-26MAR06H1600-B6962", "trade_id": "25c0d32b-f886-4a68-757d-f0e28c37e548", "yes_price": 13, "yes_price_dollars": "0.1300"}
{"count": 45, "count_fp": "45.00", "created_time": "2026-03-02T21:38:47.147068Z", "no_price": 91, "no_price_dollars": "0.9100", "price": 0.09, "taker_side": "no", "ticker": "KXINX-26MAR06H1600-B6937", "trade_id": "b907487f-91a8-4397-3269-c5cca9a18464", "yes_price": 9, "yes_price_dollars": "0.0900"}
{"count": 11, "count_fp": "11.00", "created_time": "2026-03-02T21:07:15.917195Z", "no_price": 91, "no_price_dollars": "0.9100", "price": 0.09, "taker_side": "no", "ticker": "KXINX-26MAR06H1600-B6937", "trade_id": "e78f3114-b094-46af-8f5a-c784965246b4", "yes_price": 9, "yes_price_dollars": "0.0900"}
{"count": 1, "count_fp": "1.00", "created_time": "2026-03-02T21:00:58.402874Z", "no_price": 90, "no_price_dollars": "0.9000", "price": 0.1, "taker_side": "yes", "ticker": "KXINX-26MAR06H1600-B6937", "trade_id": "e4d96068-6786-5066-4d9b-a415c90b681f", "yes_price": 10, "yes_price_dollars": "0.1000"}
{"count": 1, "count_fp": "1.00", "created_time": "2026-03-02T21:00:56.39975Z", "no_price": 90, "no_price_dollars": "0.9000", "price": 0.1, "taker_side": "yes", "ticker": "KXINX-26MAR06H1600-B6937", "trade_id": "874c10f5-727a-7276-bd9b-d365d5e94c4f", "yes_price": 10, "yes_price_dollars": "0.1000"}
{"count": 1, "count_fp": "1.00", "created_time": "2026-03-02T21:00:54.208454Z", "no_price": 90, "no_price_dollars": "0.9000", "price": 0.1, "taker_side": "yes", "ticker": "KXINX-26MAR06H1600-B6937", "trade_id": "2a64c0b0-c67a-56a2-4d22-7aae3feb343f", "yes_price": 10, "yes_price_dollars": "0.1000"}
{"count": 1, "count_fp": "1.00", "created_time": "2026-03-02T21:00:52.102276Z", "no_price": 90, "no_price_dollars": "0.9000", "price": 0.1, "taker_side": "yes", "ticker": "KXINX-26MAR06H1600-B6937", "trade_id": "c4a393aa-8272-7286-8cd9-918f3ee2d893", "yes_price": 10, "yes_price_dollars": "0.1000"}
{"count": 1, "count_fp": "1.00", "created_time": "2026-03-02T21:00:49.784298Z", "no_price": 90, "no_price_dollars": "0.9000", "price": 0.1, "taker_side": "yes", "ticker": "KXINX-26MAR06H1600-B6937", "trade_id": "567fa428-fb06-6cfa-0b21-8ebae087520b", "yes_price": 10, "yes_price_dollars": "0.1000"}
{"count": 1, "count_fp": "1.00", "created_time": "2026-03-02T21:00:46.765918Z", "no_price": 90, "no_price_dollars": "0.9000", "price": 0.1, "taker_side": "yes", "ticker": "KXINX-26MAR06H1600-B6937", "trade_id": "eab71ee0-9fca-4afa-bc1d-9a9dfa0a1427", "yes_price": 10, "yes_price_dollars": "0.1000"}
{"count": 1, "count_fp": "1.00", "created_time": "2026-03-02T21:00:40.086437Z", "no_price": 90, "no_price_dollars": "0.9000", "price": 0.1, "taker_side": "yes", "ticker": "KXINX-26MAR06H1600-B6937", "trade_id": "dfc94cb6-fce2-6ffe-d462-071aaedb5537", "yes_price": 10, "yes_price_dollars": "0.1000"}
{"count": 1, "count_fp": "1.00", "created_time": "2026-03-02T21:00:35.944541Z", "no_price": 90, "no_price_dollars": "0.9000", "price": 0.1, "taker_side": "yes", "ticker": "KXINX-26MAR06H1600-B6937", "trade_id": "709fbeed-777e-5c9e-aa62-e24f1e9700a3", "yes_price": 10, "yes_price_dollars": "0.1000"}
{"count": 1, "count_fp": "1.00", "created_time": "2026-03-02T21:00:33.568856Z", "no_price": 90, "no_price_dollars": "0.9000", "price": 0.1, "taker_side": "yes", "ticker": "KXINX-26MAR06H1600-B6937", "trade_id": "c1ea184b-0c1a-5876-50f1-a07e93a0de6f", "yes_price": 10, "yes_price_dollars": "0.1000"}
{"count": 1, "count_fp": "1.00", "created_time": "2026-03-02T21:00:29.089332Z", "no_price": 90, "no_price_dollars": "0.9000", "price": 0.1, "taker_side": "yes", "ticker": "KXINX-26MAR06H1600-B6937", "trade_id": "685415ce-c5ca-4bca-0652-163d223c7303", "yes_price": 10, "yes_price_dollars": "0.1000"}
{"count": 1, "count_fp": "1.00", "created_time": "2026-03-02T21:00:26.182765Z", "no_price": 90, "no_price_dollars": "0.9000", "price": 0.1, "taker_side": "yes", "ticker": "KXINX-26MAR06H1600-B6937", "trade_id": "e30ca3a4-f5e6-7fe2-0577-1c513f314ad3", "yes_price": 10, "yes_price_dollars": "0.1000"}
{"count": 100, "count_fp": "100.00", "created_time": "2026-03-02T17:48:44.023492Z", "no_price": 86, "no_price_dollars": "0.8600", "price": 0.14, "taker_side": "yes", "ticker": "KXINX-26MAR06H1600-B6937", "trade_id": "5532eeff-a0cd-5778-df6c-0e8eb5f1a587", "yes_price": 14, "yes_price_dollars": "0.1400"}
{"count": 100, "count_fp": "100.00", "created_time": "2026-03-02T17:48:01.816138Z", "no_price": 87, "no_price_dollars": "0.8700", "price": 0.13, "taker_side": "yes", "ticker": "KXINX-26MAR06H1600-B6937", "trade_id": "3a540c45-f1a5-6135-c480-571a2b2074a3", "yes_price": 13, "yes_price_dollars": "0.1300"}
{"count": 100, "count_fp": "100.00", "created_time": "2026-03-02T17:47:16.842123Z", "no_price": 87, "no_price_dollars": "0.8700", "price": 0.13, "taker_side": "yes", "ticker": "KXINX-26MAR06H1600-B6937", "trade_id": "a9b45961-b7b1-6aa5-3eaf-420ab3006b93", "yes_price": 13, "yes_price_dollars": "0.1300"}
{"count": 100, "count_fp": "100.00", "created_time": "2026-03-02T17:46:59.270942Z", "no_price": 87, "no_price_dollars": "0.8700", "price": 0.13, "taker_side": "yes", "ticker": "KXINX-26MAR06H1600-B6937", "trade_id": "78e73aa8-e639-4e95-0992-a2c37dffd907", "yes_price": 13, "yes_price_dollars": "0.1300"}
{"count": 100, "count_fp": "100.00", "created_time": "2026-03-02T17:45:39.151531Z", "no_price": 87, "no_price_dollars": "0.8700", "price": 0.13, "taker_side": "yes", "ticker": "KXINX-26MAR06H1600-B6937", "trade_id": "299dec2f-a155-433d-d265-64d481d114a7", "yes_price": 13, "yes_price_dollars": "0.1300"}
{"count": 500, "count_fp": "500.00", "created_time": "2026-03-02T17:45:22.828843Z", "no_price": 91, "no_price_dollars": "0.9100", "price": 0.09, "taker_side": "no", "ticker": "KXINX-26MAR06H1600-B6937", "trade_id": "75e284ad-5a95-5feb-6e0a-058adf754215", "yes_price": 9, "yes_price_dollars": "0.0900"}
{"count": 100, "count_fp": "100.00", "created_time": "2026-03-02T16:57:27.83303Z", "no_price": 70, "no_price_dollars": "0.7000", "price": 0.3, "taker_side": "yes", "ticker": "KXINX-26MAR06H1600-B6937", "trade_id": "d3702d29-007e-6a6e-930a-227eb02ce838", "yes_price": 30, "yes_price_dollars": "0.3000"}
{"count": 40, "count_fp": "40.00", "created_time": "2026-03-02T16:56:55.299613Z", "no_price": 72, "no_price_dollars": "0.7200", "price": 0.28, "taker_side": "no", "ticker": "KXINX-26MAR06H1600-B6937", "trade_id": "d7afeaec-71d1-5aab-a449-47c7a3161d48", "yes_price": 28, "yes_price_dollars": "0.2800"}
{"count": 60, "count_fp": "60.00", "created_time": "2026-03-02T16:56:55.26821Z", "no_price": 74, "no_price_dollars": "0.7400", "price": 0.26, "taker_side": "yes", "ticker": "KXINX-26MAR06H1600-B6937", "trade_id": "64744346-b5a0-4297-df44-3cd1d2a0a4a1", "yes_price": 26, "yes_price_dollars": "0.2600"}
{"count": 40, "count_fp": "40.00", "created_time": "2026-03-02T16:56:15.894958Z", "no_price": 88, "no_price_dollars": "0.8800", "price": 0.12, "taker_side": "no", "ticker": "KXINX-26MAR06H1600-B6937", "trade_id": "9899275a-12d9-5da0-c6fd-d1ba9e8b9d13", "yes_price": 12, "yes_price_dollars": "0.1200"}
{"count": 60, "count_fp": "60.00", "created_time": "2026-03-02T16:55:37.863404Z", "no_price": 88, "no_price_dollars": "0.8800", "price": 0.12, "taker_side": "yes", "ticker": "KXINX-26MAR06H1600-B6937", "trade_id": "9ecf49f6-ab97-4536-dde7-471625f50239", "yes_price": 12, "yes_price_dollars": "0.1200"}
{"count": 100, "count_fp": "100.00", "created_time": "2026-03-02T16:45:38.263345Z", "no_price": 87, "no_price_dollars": "0.8700", "price": 0.13, "taker_side": "yes", "ticker": "KXINX-26MAR06H1600-B6937", "trade_id": "1bb9d841-8dad-42c9-e70d-f391cf916940", "yes_price": 13, "yes_price_dollars": "0.1300"}
{"count": 100, "count_fp": "100.00", "created_time": "2026-03-02T16:36:33.197449Z", "no_price": 87, "no_price_dollars": "0.8700", "price": 0.13, "taker_side": "yes", "ticker": "KXINX-26MAR06H1600-B6937", "trade_id": "b83c47fe-798d-7255-0ec6-eeabbfd956a4", "yes_price": 13, "yes_price_dollars": "0.1300"}
{"count": 45, "count_fp": "45.00", "created_time": "2026-03-02T21:38:47.542271Z", "no_price": 92, "no_price_dollars": "0.9200", "price": 0.08, "taker_side": "no", "ticker": "KXINX-26MAR06H1600-B6912", "trade_id": "5d9df759-145c-66a1-7fa4-80eca8b7adb0", "yes_price": 8, "yes_price_dollars": "0.0800"}
{"count": 13, "count_fp": "13.00", "created_time": "2026-03-02T21:36:47.897354Z", "no_price": 89, "no_price_dollars": "0.8900", "price": 0.11, "taker_side": "yes", "ticker": "KXINX-26MAR06H1600-B6912", "trade_id": "8c09783a-c04f-6510-3137-18fd264f244b", "yes_price": 11, "yes_price_dollars": "0.1100"}
{"count": 251, "count_fp": "251.00", "created_time": "2026-03-02T21:36:47.897354Z", "no_price": 89, "no_price_dollars": "0.8900", "price": 0.11, "taker_side": "yes", "ticker": "KXINX-26MAR06H1600-B6912", "trade_id": "452979c7-4fbe-6ef9-347a-4d4c8714a989", "yes_price": 11, "yes_price_dollars": "0.1100"}
{"count": 25, "count_fp": "25.00", "created_time": "2026-03-02T21:07:11.895471Z", "no_price": 92, "no_price_dollars": "0.9200", "price": 0.08, "taker_side": "no", "ticker": "KXINX-26MAR06H1600-B6912", "trade_id": "9030a865-0a1c-5cb2-f179-a8a4e5d99288", "yes_price": 8, "yes_price_dollars": "0.0800"}
{"count": 2, "count_fp": "2.00", "created_time": "2026-03-02T21:02:05.957651Z", "no_price": 89, "no_price_dollars": "0.8900", "price": 0.11, "taker_side": "yes", "ticker": "KXINX-26MAR06H1600-B6912", "trade_id": "08eab63f-c2b7-6514-ee6b-dbdcbc5f3fc6", "yes_price": 11, "yes_price_dollars": "0.1100"}
{"count": 1, "count_fp": "1.00", "created_time": "2026-03-02T21:01:49.730352Z", "no_price": 89, "no_price_dollars": "0.8900", "price": 0.11, "taker_side": "yes", "ticker": "KXINX-26MAR06H1600-B6912", "trade_id": "94e45bb2-84a3-7524-c63b-bd5c9225de8e", "yes_price": 11, "yes_price_dollars": "0.1100"}
{"count": 1, "count_fp": "1.00", "created_time": "2026-03-02T21:01:47.659795Z", "no_price": 89, "no_price_dollars": "0.8900", "price": 0.11, "taker_side": "yes", "ticker": "KXINX-26MAR06H1600-B6912", "trade_id": "7c4b82c7-b6d7-6ca4-d7f7-54f726f36a62", "yes_price": 11, "yes_price_dollars": "0.1100"}
{"count": 1, "count_fp": "1.00", "created_time": "2026-03-02T21:01:45.48612Z", "no_price": 89, "no_price_dollars": "0.8900", "price": 0.11, "taker_side": "yes", "ticker": "KXINX-26MAR06H1600-B6912", "trade_id": "25593a7b-6c27-4e20-1764-66f9724cd79a", "yes_price": 11, "yes_price_dollars": "0.1100"}
{"count": 1, "count_fp": "1.00", "created_time": "2026-03-02T21:01:36.855159Z", "no_price": 89, "no_price_dollars": "0.8900", "price": 0.11, "taker_side": "yes", "ticker": "KXINX-26MAR06H1600-B6912", "trade_id": "423e50cb-7a3f-6f34-95ee-089cfbd33dba", "yes_price": 11, "yes_price_dollars": "0.1100"}
{"count": 1, "count_fp": "1.00", "created_time": "2026-03-02T21:01:29.318555Z", "no_price": 89, "no_price_dollars": "0.8900", "price": 0.11, "taker_side": "yes", "ticker": "KXINX-26MAR06H1600-B6912", "trade_id": "7b658793-ad57-6bc0-5389-e2f9ec33d9d6", "yes_price": 11, "yes_price_dollars": "0.1100"}
{"count": 1, "count_fp": "1.00", "created_time": "2026-03-02T21:01:26.057462Z", "no_price": 89, "no_price_dollars": "0.8900", "price": 0.11, "taker_side": "yes", "ticker": "KXINX-26MAR06H1600-B6912", "trade_id": "fa43e399-7107-5950-0c24-1b634da45d46", "yes_price": 11, "yes_price_dollars": "0.1100"}
{"count": 6, "count_fp": "6.00", "created_time": "2026-03-02T21:01:26.001572Z", "no_price": 90, "no_price_dollars": "0.9000", "price": 0.1, "taker_side": "yes", "ticker": "KXINX-26MAR06H1600-B6912", "trade_id": "230ff62b-27de-749f-256e-3fb4801ff58c", "yes_price": 10, "yes_price_dollars": "0.1000"}
{"count": 1, "count_fp": "1.00", "created_time": "2026-03-02T21:01:20.904549Z", "no_price": 90, "no_price_dollars": "0.9000", "price": 0.1, "taker_side": "yes", "ticker": "KXINX-26MAR06H1600-B6912", "trade_id": "ae5bd443-942a-52f7-2048-d60a4f92073c", "yes_price": 10, "yes_price_dollars": "0.1000"}
{"count": 1, "count_fp": "1.00", "created_time": "2026-03-02T21:01:16.012812Z", "no_price": 90, "no_price_dollars": "0.9000", "price": 0.1, "taker_side": "yes", "ticker": "KXINX-26MAR06H1600-B6912", "trade_id": "aaa00f38-9d76-7ff3-a124-98760692d8ec", "yes_price": 10, "yes_price_dollars": "0.1000"}
{"count": 1, "count_fp": "1.00", "created_time": "2026-03-02T21:01:13.696868Z", "no_price": 90, "no_price_dollars": "0.9000", "price": 0.1, "taker_side": "yes", "ticker": "KXINX-26MAR06H1600-B6912", "trade_id": "dd8efcb7-b166-77df-9b01-25ed65a428a4", "yes_price": 10, "yes_price_dollars": "0.1000"}
{"count": 1, "count_fp": "1.00", "created_time": "2026-03-02T21:01:11.485206Z", "no_price": 90, "no_price_dollars": "0.9000", "price": 0.1, "taker_side": "yes", "ticker": "KXINX-26MAR06H1600-B6912", "trade_id": "5e3facaa-dce6-53f7-de83-2203be473fb8", "yes_price": 10, "yes_price_dollars": "0.1000"}
{"count": 1, "count_fp": "1.00", "created_time": "2026-03-02T21:01:07.17105Z", "no_price": 90, "no_price_dollars": "0.9000", "price": 0.1, "taker_side": "yes", "ticker": "KXINX-26MAR06H1600-B6912", "trade_id": "b896e9d4-d04e-7dd3-dc7f-b4127864e960", "yes_price": 10, "yes_price_dollars": "0.1000"}
{"count": 1, "count_fp": "1.00", "created_time": "2026-03-02T21:01:02.716732Z", "no_price": 90, "no_price_dollars": "0.9000", "price": 0.1, "taker_side": "yes", "ticker": "KXINX-26MAR06H1600-B6912", "trade_id": "88f02d6d-673a-7097-23f7-e181746f9a04", "yes_price": 10, "yes_price_dollars": "0.1000"}
{"count": 1, "count_fp": "1.00", "created_time": "2026-03-02T21:00:58.334688Z", "no_price": 90, "no_price_dollars": "0.9000", "price": 0.1, "taker_side": "yes", "ticker": "KXINX-26MAR06H1600-B6912", "trade_id": "d794196e-3632-4f8b-9b98-d27a739cf468", "yes_price": 10, "yes_price_dollars": "0.1000"}
{"count": 1, "count_fp": "1.00", "created_time": "2026-03-02T21:00:56.316667Z", "no_price": 90, "no_price_dollars": "0.9000", "price": 0.1, "taker_side": "yes", "ticker": "KXINX-26MAR06H1600-B6912", "trade_id": "ed3ded24-4ad6-7b5f-80fd-c55be89fe814", "yes_price": 10, "yes_price_dollars": "0.1000"}
{"count": 1, "count_fp": "1.00", "created_time": "2026-03-02T21:00:54.131549Z", "no_price": 90, "no_price_dollars": "0.9000", "price": 0.1, "taker_side": "yes", "ticker": "KXINX-26MAR06H1600-B6912", "trade_id": "b36ee1e1-96b6-6b67-8464-4ceb14cf1834", "yes_price": 10, "yes_price_dollars": "0.1000"}
{"count": 1, "count_fp": "1.00", "created_time": "2026-03-02T21:00:52.021134Z", "no_price": 90, "no_price_dollars": "0.9000", "price": 0.1, "taker_side": "yes", "ticker": "KXINX-26MAR06H1600-B6912", "trade_id": "1e9d0f0f-ebfa-5793-1a80-bd9e21c3b84c", "yes_price": 10, "yes_price_dollars": "0.1000"}
{"count": 1, "count_fp": "1.00", "created_time": "2026-03-02T21:00:49.856623Z", "no_price": 90, "no_price_dollars": "0.9000", "price": 0.1, "taker_side": "yes", "ticker": "KXINX-26MAR06H1600-B6912", "trade_id": "c185244f-708e-42eb-4f6d-6ee964ad6b34", "yes_price": 10, "yes_price_dollars": "0.1000"}
{"count": 1, "count_fp": "1.00", "created_time": "2026-03-02T21:00:45.827274Z", "no_price": 90, "no_price_dollars": "0.9000", "price": 0.1, "taker_side": "yes", "ticker": "KXINX-26MAR06H1600-B6912", "trade_id": "c70dcdd9-71ca-670b-27cb-d3936d2b14ec", "yes_price": 10, "yes_price_dollars": "0.1000"}
{"count": 1, "count_fp": "1.00", "created_time": "2026-03-02T21:00:43.467137Z", "no_price": 90, "no_price_dollars": "0.9000", "price": 0.1, "taker_side": "yes", "ticker": "KXINX-26MAR06H1600-B6912", "trade_id": "c0e5560d-c06e-4787-cb75-f1230ddb1d10", "yes_price": 10, "yes_price_dollars": "0.1000"}
{"count": 1, "count_fp": "1.00", "created_time": "2026-03-02T21:00:40.014788Z", "no_price": 90, "no_price_dollars": "0.9000", "price": 0.1, "taker_side": "yes", "ticker": "KXINX-26MAR06H1600-B6912", "trade_id": "ab203be7-2f0a-5903-e1f6-8b9d73b7283c", "yes_price": 10, "yes_price_dollars": "0.1000"}
{"count": 1, "count_fp": "1.00", "created_time": "2026-03-02T21:00:35.849276Z", "no_price": 90, "no_price_dollars": "0.9000", "price": 0.1, "taker_side": "yes", "ticker": "KXINX-26MAR06H1600-B6912", "trade_id": "7e636a24-ac6a-7423-39ed-7d3efe47904c", "yes_price": 10, "yes_price_dollars": "0.1000"}
{"count": 1, "count_fp": "1.00", "created_time": "2026-03-02T21:00:33.650841Z", "no_price": 90, "no_price_dollars": "0.9000", "price": 0.1, "taker_side": "yes", "ticker": "KXINX-26MAR06H1600-B6912", "trade_id": "335b6a3c-c5ae-4df3-afa6-19c326ff2c44", "yes_price": 10, "yes_price_dollars": "0.1000"}
{"count": 1, "count_fp": "1.00", "created_time": "2026-03-02T21:00:30.394123Z", "no_price": 90, "no_price_dollars": "0.9000", "price": 0.1, "taker_side": "yes", "ticker": "KXINX-26MAR06H1600-B6912", "trade_id": "c48239b2-6626-7da7-77ba-17d339a06fb0", "yes_price": 10, "yes_price_dollars": "0.1000"}
{"count": 1, "count_fp": "1.00", "created_time": "2026-03-02T21:00:27.361546Z", "no_price": 90, "no_price_dollars": "0.9000", "price": 0.1, "taker_side": "yes", "ticker": "KXINX-26MAR06H1600-B6912", "trade_id": "efe6e9c5-43aa-47cb-b52e-d08f997df628", "yes_price": 10, "yes_price_dollars": "0.1000"}
{"count": 1, "count_fp": "1.00", "created_time": "2026-03-02T21:00:24.55912Z", "no_price": 90, "no_price_dollars": "0.9000", "price": 0.1, "taker_side": "yes", "ticker": "KXINX-26MAR06H1600-B6912", "trade_id": "10279696-d0a2-40db-0804-78bf3192118c", "yes_price": 10, "yes_price_dollars": "0.1000"}
{"count": 5, "count_fp": "5.00", "created_time": "2026-03-02T19:30:05.826822Z", "no_price": 89, "no_price_dollars": "0.8900", "price": 0.11, "taker_side": "yes", "ticker": "KXINX-26MAR06H1600-B6912", "trade_id": "6f8de5ae-af17-7b6a-98dd-e08fe3c1da21", "yes_price": 11, "yes_price_dollars": "0.1100"}
{"count": 58, "count_fp": "58.00", "created_time": "2026-03-02T16:56:55.345966Z", "no_price": 84, "no_price_dollars": "0.8400", "price": 0.16, "taker_side": "no", "ticker": "KXINX-26MAR06H1600-B6912", "trade_id": "281381ec-376d-770d-2426-c9e89d6586e3", "yes_price": 16, "yes_price_dollars": "0.1600"}
{"count": 42, "count_fp": "42.00", "created_time": "2026-03-02T16:56:55.311443Z", "no_price": 84, "no_price_dollars": "0.8400", "price": 0.16, "taker_side": "yes", "ticker": "KXINX-26MAR06H1600-B6912", "trade_id": "df1e1a58-53ab-690f-3090-397b85a82d13", "yes_price": 16, "yes_price_dollars": "0.1600"}
{"count": 60, "count_fp": "60.00", "created_time": "2026-03-02T16:56:15.955261Z", "no_price": 85, "no_price_dollars": "0.8500", "price": 0.15, "taker_side": "yes", "ticker": "KXINX-26MAR06H1600-B6912", "trade_id": "f3907e68-56bc-4030-a3b5-564533bcbb8a", "yes_price": 15, "yes_price_dollars": "0.1500"}
{"count": 40, "count_fp": "40.00", "created_time": "2026-03-02T16:56:15.955261Z", "no_price": 84, "no_price_dollars": "0.8400", "price": 0.16, "taker_side": "yes", "ticker": "KXINX-26MAR06H1600-B6912", "trade_id": "3f6ddfc5-61db-4f8f-8187-d1a82dba1c5f", "yes_price": 16, "yes_price_dollars": "0.1600"}
{"count": 40, "count_fp": "40.00", "created_time": "2026-03-02T16:56:15.894483Z", "no_price": 96, "no_price_dollars": "0.9600", "price": 0.04, "taker_side": "no", "ticker": "KXINX-26MAR06H1600-B6912", "trade_id": "ab5b30c6-f359-7619-516e-ff9467c95610", "yes_price": 4, "yes_price_dollars": "0.0400"}
{"count": 40, "count_fp": "40.00", "created_time": "2026-03-02T16:55:37.905513Z", "no_price": 88, "no_price_dollars": "0.8800", "price": 0.12, "taker_side": "yes", "ticker": "KXINX-26MAR06H1600-B6912", "trade_id": "a5065400-9767-5d23-261b-ee9b2cd424df", "yes_price": 12, "yes_price_dollars": "0.1200"}
{"count": 60, "count_fp": "60.00", "created_time": "2026-03-02T16:55:37.905513Z", "no_price": 88, "no_price_dollars": "0.8800", "price": 0.12, "taker_side": "yes", "ticker": "KXINX-26MAR06H1600-B6912", "trade_id": "4f102459-c96a-5d68-34a2-ec45aced75d2", "yes_price": 12, "yes_price_dollars": "0.1200"}
{"count": 40, "count_fp": "40.00", "created_time": "2026-03-02T16:45:38.311945Z", "no_price": 88, "no_price_dollars": "0.8800", "price": 0.12, "taker_side": "yes", "ticker": "KXINX-26MAR06H1600-B6912", "trade_id": "6e45d311-4595-720c-8f7e-e421116cf3d0", "yes_price": 12, "yes_price_dollars": "0.1200"}
{"count": 60, "count_fp": "60.00", "created_time": "2026-03-02T16:45:38.311945Z", "no_price": 89, "no_price_dollars": "0.8900", "price": 0.11, "taker_side": "yes", "ticker": "KXINX-26MAR06H1600-B6912", "trade_id": "15d0f305-0610-7611-b6fa-a72a713fa171", "yes_price": 11, "yes_price_dollars": "0.1100"}
{"count": 60, "count_fp": "60.00", "created_time": "2026-03-02T16:36:33.293286Z", "no_price": 89, "no_price_dollars": "0.8900", "price": 0.11, "taker_side": "yes", "ticker": "KXINX-26MAR06H1600-B6912", "trade_id": "e6b1c00d-43ef-6512-211f-7290ca2c20e2", "yes_price": 11, "yes_price_dollars": "0.1100"}
{"count": 141, "count_fp": "141.00", "created_time": "2026-03-02T21:40:52.81408Z", "no_price": 90, "no_price_dollars": "0.9000", "price": 0.1, "taker_side": "yes", "ticker": "KXINX-26MAR06H1600-B6887", "trade_id": "75f033b7-36d9-745b-ebf3-93028194dcc5", "yes_price": 10, "yes_price_dollars": "0.1000"}
{"count": 25, "count_fp": "25.00", "created_time": "2026-03-02T21:40:52.81408Z", "no_price": 92, "no_price_dollars": "0.9200", "price": 0.08, "taker_side": "yes", "ticker": "KXINX-26MAR06H1600-B6887", "trade_id": "6746d41f-7b15-7859-f59f-47c4ede3f538", "yes_price": 8, "yes_price_dollars": "0.0800"}
{"count": 77, "count_fp": "77.00", "created_time": "2026-03-02T21:40:52.81408Z", "no_price": 91, "no_price_dollars": "0.9100", "price": 0.09, "taker_side": "yes", "ticker": "KXINX-26MAR06H1600-B6887", "trade_id": "4ada7462-7904-7086-d880-ac98212712eb", "yes_price": 9, "yes_price_dollars": "0.0900"}
{"count": 60, "count_fp": "60.00", "created_time": "2026-03-02T21:40:52.81408Z", "no_price": 90, "no_price_dollars": "0.9000", "price": 0.1, "taker_side": "yes", "ticker": "KXINX-26MAR06H1600-B6887", "trade_id": "1bc747ac-0115-707b-dbf7-467cde25d1ee", "yes_price": 10, "yes_price_dollars": "0.1000"}
{"count": 5, "count_fp": "5.00", "created_time": "2026-03-02T19:30:05.751507Z", "no_price": 90, "no_price_dollars": "0.9000", "price": 0.1, "taker_side": "yes", "ticker": "KXINX-26MAR06H1600-B6887", "trade_id": "e462b49b-f0ba-5b54-eea0-bac51b1e5126", "yes_price": 10, "yes_price_dollars": "0.1000"}
{"count": 100, "count_fp": "100.00", "created_time": "2026-03-02T17:48:44.071715Z", "no_price": 90, "no_price_dollars": "0.9000", "price": 0.1, "taker_side": "yes", "ticker": "KXINX-26MAR06H1600-B6887", "trade_id": "f54c096c-1b62-5c62-e4cb-856a3f03ce7c", "yes_price": 10, "yes_price_dollars": "0.1000"}
{"count": 100, "count_fp": "100.00", "created_time": "2026-03-02T17:48:01.864242Z", "no_price": 90, "no_price_dollars": "0.9000", "price": 0.1, "taker_side": "yes", "ticker": "KXINX-26MAR06H1600-B6887", "trade_id": "1a177264-07da-66bb-2b37-7d754dde9c8c", "yes_price": 10, "yes_price_dollars": "0.1000"}
{"count": 100, "count_fp": "100.00", "created_time": "2026-03-02T17:46:59.317943Z", "no_price": 90, "no_price_dollars": "0.9000", "price": 0.1, "taker_side": "yes", "ticker": "KXINX-26MAR06H1600-B6887", "trade_id": "45d91e8a-0132-45ff-aacd-d109db133990", "yes_price": 10, "yes_price_dollars": "0.1000"}
{"count": 100, "count_fp": "100.00", "created_time": "2026-03-02T17:45:39.197538Z", "no_price": 90, "no_price_dollars": "0.9000", "price": 0.1, "taker_side": "yes", "ticker": "KXINX-26MAR06H1600-B6887", "trade_id": "a82e915f-5a86-781f-38ab-50ec4964ad18", "yes_price": 10, "yes_price_dollars": "0.1000"}
{"count": 500, "count_fp": "500.00", "created_time": "2026-03-02T17:45:22.726743Z", "no_price": 94, "no_price_dollars": "0.9400", "price": 0.06, "taker_side": "no", "ticker": "KXINX-26MAR06H1600-B6887", "trade_id": "47b3749a-8661-622e-6612-cc8df7fb9027", "yes_price": 6, "yes_price_dollars": "0.0600"}
{"count": 42, "count_fp": "42.00", "created_time": "2026-03-02T16:56:55.391694Z", "no_price": 66, "no_price_dollars": "0.6600", "price": 0.34, "taker_side": "no", "ticker": "KXINX-26MAR06H1600-B6887", "trade_id": "a5777035-7beb-7985-dc88-65fc5ab08512", "yes_price": 34, "yes_price_dollars": "0.3400"}
{"count": 58, "count_fp": "58.00", "created_time": "2026-03-02T16:56:55.357372Z", "no_price": 68, "no_price_dollars": "0.6800", "price": 0.32, "taker_side": "yes", "ticker": "KXINX-26MAR06H1600-B6887", "trade_id": "24d4af4d-fb7e-5abd-22f8-9fb60341981a", "yes_price": 32, "yes_price_dollars": "0.3200"}
{"count": 22, "count_fp": "22.00", "created_time": "2026-03-02T16:56:16.0535Z", "no_price": 69, "no_price_dollars": "0.6900", "price": 0.31, "taker_side": "no", "ticker": "KXINX-26MAR06H1600-B6887", "trade_id": "7c22c454-bd8e-5f2d-ecd7-929c2c505f7d", "yes_price": 31, "yes_price_dollars": "0.3100"}
{"count": 60, "count_fp": "60.00", "created_time": "2026-03-02T16:56:16.004677Z", "no_price": 70, "no_price_dollars": "0.7000", "price": 0.3, "taker_side": "yes", "ticker": "KXINX-26MAR06H1600-B6887", "trade_id": "cb7ae369-259c-63ea-0aca-14671cd95343", "yes_price": 30, "yes_price_dollars": "0.3000"}
{"count": 2, "count_fp": "2.00", "created_time": "2026-03-02T16:56:16.004677Z", "no_price": 69, "no_price_dollars": "0.6900", "price": 0.31, "taker_side": "yes", "ticker": "KXINX-26MAR06H1600-B6887", "trade_id": "8728ba62-dba7-6ca1-3239-edf4cd692235", "yes_price": 31, "yes_price_dollars": "0.3100"}
{"count": 2, "count_fp": "2.00", "created_time": "2026-03-02T16:56:16.004677Z", "no_price": 69, "no_price_dollars": "0.6900", "price": 0.31, "taker_side": "yes", "ticker": "KXINX-26MAR06H1600-B6887", "trade_id": "7adf9d56-2b72-6457-2e23-5fa43da82cf6", "yes_price": 31, "yes_price_dollars": "0.3100"}
{"count": 12, "count_fp": "12.00", "created_time": "2026-03-02T16:56:16.004677Z", "no_price": 69, "no_price_dollars": "0.6900", "price": 0.31, "taker_side": "yes", "ticker": "KXINX-26MAR06H1600-B6887", "trade_id": "4dccaf26-260a-6cdb-2254-547563f271df", "yes_price": 31, "yes_price_dollars": "0.3100"}
{"count": 2, "count_fp": "2.00", "created_time": "2026-03-02T16:56:16.004677Z", "no_price": 69, "no_price_dollars": "0.6900", "price": 0.31, "taker_side": "yes", "ticker": "KXINX-26MAR06H1600-B6887", "trade_id": "2616147f-3d88-6983-3fee-8ab7b2210d10", "yes_price": 31, "yes_price_dollars": "0.3100"}
{"count": 40, "count_fp": "40.00", "created_time": "2026-03-02T16:56:15.896544Z", "no_price": 91, "no_price_dollars": "0.9100", "price": 0.09, "taker_side": "no", "ticker": "KXINX-26MAR06H1600-B6887", "trade_id": "089c7ad0-e9ae-4652-6320-4fe47631a029", "yes_price": 9, "yes_price_dollars": "0.0900"}
{"count": 60, "count_fp": "60.00", "created_time": "2026-03-02T16:55:37.955898Z", "no_price": 91, "no_price_dollars": "0.9100", "price": 0.09, "taker_side": "yes", "ticker": "KXINX-26MAR06H1600-B6887", "trade_id": "5cede23c-788b-6586-d19b-6ba80ac004d4", "yes_price": 9, "yes_price_dollars": "0.0900"}
{"count": 100, "count_fp": "100.00", "created_time": "2026-03-02T16:45:38.357498Z", "no_price": 90, "no_price_dollars": "0.9000", "price": 0.1, "taker_side": "yes", "ticker": "KXINX-26MAR06H1600-B6887", "trade_id": "69d282e0-45e9-5149-bab7-a221f9da15c7", "yes_price": 10, "yes_price_dollars": "0.1000"}
{"count": 100, "count_fp": "100.00", "created_time": "2026-03-02T16:36:33.340735Z", "no_price": 89, "no_price_dollars": "0.8900", "price": 0.11, "taker_side": "yes", "ticker": "KXINX-26MAR06H1600-B6887", "trade_id": "e0d144d3-8209-6c61-8ab9-9cf1c932c3d7", "yes_price": 11, "yes_price_dollars": "0.1100"}
{"count": 5, "count_fp": "5.00", "created_time": "2026-03-02T23:57:45.245282Z", "no_price": 92, "no_price_dollars": "0.9200", "price": 0.08, "taker_side": "no", "ticker": "KXINX-26MAR06H1600-B6862", "trade_id": "aefb67ce-c033-4426-b19d-6e3f814eab44", "yes_price": 8, "yes_price_dollars": "0.0800"}
{"count": 25, "count_fp": "25.00", "created_time": "2026-03-02T22:20:07.969154Z", "no_price": 93, "no_price_dollars": "0.9300", "price": 0.07, "taker_side": "yes", "ticker": "KXINX-26MAR06H1600-B6862", "trade_id": "db983b39-2281-5200-86c3-8e825847e3f5", "yes_price": 7, "yes_price_dollars": "0.0700"}
{"count": 5, "count_fp": "5.00", "created_time": "2026-03-02T19:01:27.756089Z", "no_price": 91, "no_price_dollars": "0.9100", "price": 0.09, "taker_side": "yes", "ticker": "KXINX-26MAR06H1600-B6862", "trade_id": "d550434b-04a2-7578-b567-bde773e743f7", "yes_price": 9, "yes_price_dollars": "0.0900"}
{"count": 100, "count_fp": "100.00", "created_time": "2026-03-02T17:49:02.284495Z", "no_price": 96, "no_price_dollars": "0.9600", "price": 0.04, "taker_side": "no", "ticker": "KXINX-26MAR06H1600-B6862", "trade_id": "3a8cd815-505e-4749-3ec8-7dc8d25271db", "yes_price": 4, "yes_price_dollars": "0.0400"}
{"count": 100, "count_fp": "100.00", "created_time": "2026-03-02T17:48:44.116083Z", "no_price": 91, "no_price_dollars": "0.9100", "price": 0.09, "taker_side": "yes", "ticker": "KXINX-26MAR06H1600-B6862", "trade_id": "e15085ee-d1fc-5a98-5304-c9aca9370315", "yes_price": 9, "yes_price_dollars": "0.0900"}
{"count": 100, "count_fp": "100.00", "created_time": "2026-03-02T17:48:19.537294Z", "no_price": 96, "no_price_dollars": "0.9600", "price": 0.04, "taker_side": "no", "ticker": "KXINX-26MAR06H1600-B6862", "trade_id": "e6451366-dbcc-5c7c-6428-0e2f58c56888", "yes_price": 4, "yes_price_dollars": "0.0400"}
{"count": 100, "count_fp": "100.00", "created_time": "2026-03-02T17:48:01.912192Z", "no_price": 91, "no_price_dollars": "0.9100", "price": 0.09, "taker_side": "yes", "ticker": "KXINX-26MAR06H1600-B6862", "trade_id": "2100c990-610a-5cb2-5268-41b407f4e08e", "yes_price": 9, "yes_price_dollars": "0.0900"}
{"count": 100, "count_fp": "100.00", "created_time": "2026-03-02T17:47:18.399463Z", "no_price": 96, "no_price_dollars": "0.9600", "price": 0.04, "taker_side": "no", "ticker": "KXINX-26MAR06H1600-B6862", "trade_id": "d45529a0-7cb1-50ac-3070-26b96d9c2af6", "yes_price": 4, "yes_price_dollars": "0.0400"}
{"count": 100, "count_fp": "100.00", "created_time": "2026-03-02T17:46:59.36217Z", "no_price": 91, "no_price_dollars": "0.9100", "price": 0.09, "taker_side": "yes", "ticker": "KXINX-26MAR06H1600-B6862", "trade_id": "dbcebb2d-956e-7bd6-ed0c-ff3b36aa2bce", "yes_price": 9, "yes_price_dollars": "0.0900"}
{"count": 100, "count_fp": "100.00", "created_time": "2026-03-02T17:46:16.25675Z", "no_price": 96, "no_price_dollars": "0.9600", "price": 0.04, "taker_side": "no", "ticker": "KXINX-26MAR06H1600-B6862", "trade_id": "64b936c4-cac5-7764-6ac9-d631de1d08a2", "yes_price": 4, "yes_price_dollars": "0.0400"}
{"count": 100, "count_fp": "100.00", "created_time": "2026-03-02T17:45:58.641343Z", "no_price": 96, "no_price_dollars": "0.9600", "price": 0.04, "taker_side": "no", "ticker": "KXINX-26MAR06H1600-B6862", "trade_id": "5a2a8027-23ed-61c4-f760-3169212dda7a", "yes_price": 4, "yes_price_dollars": "0.0400"}
{"count": 100, "count_fp": "100.00", "created_time": "2026-03-02T17:45:56.997168Z", "no_price": 91, "no_price_dollars": "0.9100", "price": 0.09, "taker_side": "yes", "ticker": "KXINX-26MAR06H1600-B6862", "trade_id": "67a85f99-1ce6-4802-7b6b-27f981831aae", "yes_price": 9, "yes_price_dollars": "0.0900"}
{"count": 100, "count_fp": "100.00", "created_time": "2026-03-02T17:45:39.251398Z", "no_price": 91, "no_price_dollars": "0.9100", "price": 0.09, "taker_side": "yes", "ticker": "KXINX-26MAR06H1600-B6862", "trade_id": "b81bc49f-f882-70a2-3e2c-6e6706bc1142", "yes_price": 9, "yes_price_dollars": "0.0900"}
{"count": 500, "count_fp": "500.00", "created_time": "2026-03-02T17:45:22.625413Z", "no_price": 96, "no_price_dollars": "0.9600", "price": 0.04, "taker_side": "no", "ticker": "KXINX-26MAR06H1600-B6862", "trade_id": "6af264cd-27b5-6644-9e8a-1111d88bface", "yes_price": 4, "yes_price_dollars": "0.0400"}
{"count": 100, "count_fp": "100.00", "created_time": "2026-03-02T17:02:01.520029Z", "no_price": 89, "no_price_dollars": "0.8900", "price": 0.11, "taker_side": "yes", "ticker": "KXINX-26MAR06H1600-B6862", "trade_id": "d9dde49c-fb94-5296-86bd-ef4143bad4c2", "yes_price": 11, "yes_price_dollars": "0.1100"}
{"count": 100, "count_fp": "100.00", "created_time": "2026-03-02T16:56:16.053545Z", "no_price": 89, "no_price_dollars": "0.8900", "price": 0.11, "taker_side": "yes", "ticker": "KXINX-26MAR06H1600-B6862", "trade_id": "6f17ff99-c010-6552-9999-3273dc232e6a", "yes_price": 11, "yes_price_dollars": "0.1100"}
{"count": 40, "count_fp": "40.00", "created_time": "2026-03-02T16:56:15.897307Z", "no_price": 92, "no_price_dollars": "0.9200", "price": 0.08, "taker_side": "no", "ticker": "KXINX-26MAR06H1600-B6862", "trade_id": "3b90a920-afaf-4f98-0c53-af57fa605cb4", "yes_price": 8, "yes_price_dollars": "0.0800"}
{"count": 60, "count_fp": "60.00", "created_time": "2026-03-02T16:55:37.999947Z", "no_price": 92, "no_price_dollars": "0.9200", "price": 0.08, "taker_side": "yes", "ticker": "KXINX-26MAR06H1600-B6862", "trade_id": "c3fdade1-8411-6b26-6463-71954ee5b86e", "yes_price": 8, "yes_price_dollars": "0.0800"}
{"count": 60, "count_fp": "60.00", "created_time": "2026-03-02T16:45:38.450358Z", "no_price": 92, "no_price_dollars": "0.9200", "price": 0.08, "taker_side": "yes", "ticker": "KXINX-26MAR06H1600-B6862", "trade_id": "c577b4ec-4be9-5807-bdb3-9568bcfb972e", "yes_price": 8, "yes_price_dollars": "0.0800"}
{"count": 40, "count_fp": "40.00", "created_time": "2026-03-02T16:45:38.450358Z", "no_price": 91, "no_price_dollars": "0.9100", "price": 0.09, "taker_side": "yes", "ticker": "KXINX-26MAR06H1600-B6862", "trade_id": "a340e65a-359c-56a6-8538-62cf1476d95c", "yes_price": 9, "yes_price_dollars": "0.0900"}
{"count": 100, "count_fp": "100.00", "created_time": "2026-03-02T16:36:33.393057Z", "no_price": 90, "no_price_dollars": "0.9000", "price": 0.1, "taker_side": "yes", "ticker": "KXINX-26MAR06H1600-B6862", "trade_id": "8bae7585-34f8-42ea-3693-defdb399ca38", "yes_price": 10, "yes_price_dollars": "0.1000"}
{"count": 5, "count_fp": "5.00", "created_time": "2026-03-02T20:30:06.117636Z", "no_price": 93, "no_price_dollars": "0.9300", "price": 0.07, "taker_side": "yes", "ticker": "KXINX-26MAR06H1600-B6837", "trade_id": "6b19a040-41f3-5081-71d5-f43310a395e6", "yes_price": 7, "yes_price_dollars": "0.0700"}
{"count": 50, "count_fp": "50.00", "created_time": "2026-03-02T17:45:22.534961Z", "no_price": 97, "no_price_dollars": "0.9700", "price": 0.03, "taker_side": "no", "ticker": "KXINX-26MAR06H1600-B6837", "trade_id": "5974aff7-6f23-6a89-8bc2-6be5ce09ba13", "yes_price": 3, "yes_price_dollars": "0.0300"}
{"count": 200, "count_fp": "200.00", "created_time": "2026-03-02T17:45:22.534961Z", "no_price": 97, "no_price_dollars": "0.9700", "price": 0.03, "taker_side": "no", "ticker": "KXINX-26MAR06H1600-B6837", "trade_id": "305f7ae2-475b-68ec-b79a-00b17df7b5f1", "yes_price": 3, "yes_price_dollars": "0.0300"}
{"count": 50, "count_fp": "50.00", "created_time": "2026-03-02T17:20:29.753088Z", "no_price": 93, "no_price_dollars": "0.9300", "price": 0.07, "taker_side": "yes", "ticker": "KXINX-26MAR06H1600-B6837", "trade_id": "bfd14bd7-cb41-4e15-e351-5a90cf0d48cc", "yes_price": 7, "yes_price_dollars": "0.0700"}
{"count": 40, "count_fp": "40.00", "created_time": "2026-03-02T16:56:15.894761Z", "no_price": 96, "no_price_dollars": "0.9600", "price": 0.04, "taker_side": "no", "ticker": "KXINX-26MAR06H1600-B6837", "trade_id": "39f64869-df78-701e-e743-58f8bc11b93e", "yes_price": 4, "yes_price_dollars": "0.0400"}
{"count": 60, "count_fp": "60.00", "created_time": "2026-03-02T16:45:38.539516Z", "no_price": 93, "no_price_dollars": "0.9300", "price": 0.07, "taker_side": "yes", "ticker": "KXINX-26MAR06H1600-B6837", "trade_id": "cd3dfaa1-835a-6a73-5ad7-98ddf46692fc", "yes_price": 7, "yes_price_dollars": "0.0700"}
{"count": 40, "count_fp": "40.00", "created_time": "2026-03-02T16:45:38.539516Z", "no_price": 92, "no_price_dollars": "0.9200", "price": 0.08, "taker_side": "yes", "ticker": "KXINX-26MAR06H1600-B6837", "trade_id": "7578276e-fa4f-61a8-65cf-8f0c8fa7d03f", "yes_price": 8, "yes_price_dollars": "0.0800"}
{"count": 40, "count_fp": "40.00", "created_time": "2026-03-02T16:37:12.633877Z", "no_price": 92, "no_price_dollars": "0.9200", "price": 0.08, "taker_side": "no", "ticker": "KXINX-26MAR06H1600-B6837", "trade_id": "4c5099c0-800d-481c-6239-005531544b4f", "yes_price": 8, "yes_price_dollars": "0.0800"}
{"count": 60, "count_fp": "60.00", "created_time": "2026-03-02T16:36:33.487528Z", "no_price": 92, "no_price_dollars": "0.9200", "price": 0.08, "taker_side": "yes", "ticker": "KXINX-26MAR06H1600-B6837", "trade_id": "30fc5b6e-774e-6b13-d184-6d549b658c66", "yes_price": 8, "yes_price_dollars": "0.0800"}
{"count": 25, "count_fp": "25.00", "created_time": "2026-03-02T22:27:46.014955Z", "no_price": 94, "no_price_dollars": "0.9400", "price": 0.06, "taker_side": "yes", "ticker": "KXINX-26MAR06H1600-B6812", "trade_id": "7f51e587-f45a-7214-0058-ac921cc161c6", "yes_price": 6, "yes_price_dollars": "0.0600"}
{"count": 100, "count_fp": "100.00", "created_time": "2026-03-02T17:45:22.3891Z", "no_price": 97, "no_price_dollars": "0.9700", "price": 0.03, "taker_side": "no", "ticker": "KXINX-26MAR06H1600-B6812", "trade_id": "7624ca4d-c9b4-5298-6378-61938c1fbff0", "yes_price": 3, "yes_price_dollars": "0.0300"}
{"count": 40, "count_fp": "40.00", "created_time": "2026-03-02T16:56:15.895027Z", "no_price": 97, "no_price_dollars": "0.9700", "price": 0.03, "taker_side": "no", "ticker": "KXINX-26MAR06H1600-B6812", "trade_id": "185222ee-150e-500d-3578-f7bb8e863133", "yes_price": 3, "yes_price_dollars": "0.0300"}
{"count": 100, "count_fp": "100.00", "created_time": "2026-03-02T16:45:38.627535Z", "no_price": 93, "no_price_dollars": "0.9300", "price": 0.07, "taker_side": "yes", "ticker": "KXINX-26MAR06H1600-B6812", "trade_id": "22b940b4-4164-6274-1ad7-855d4e5f5c33", "yes_price": 7, "yes_price_dollars": "0.0700"}
{"count": 6, "count_fp": "6.00", "created_time": "2026-03-02T22:14:56.479213Z", "no_price": 96, "no_price_dollars": "0.9600", "price": 0.04, "taker_side": "yes", "ticker": "KXINX-26MAR06H1600-B6737", "trade_id": "5162dd80-d15f-438b-571d-75899c009d80", "yes_price": 4, "yes_price_dollars": "0.0400"}
{"count": 200, "count_fp": "200.00", "created_time": "2026-03-02T18:58:10.281104Z", "no_price": 99, "no_price_dollars": "0.9900", "price": 0.01, "taker_side": "no", "ticker": "KXINX-26MAR02H1600-T6550", "trade_id": "04ad49be-19c2-4a51-dfc2-7f58a46aa7e4", "yes_price": 1, "yes_price_dollars": "0.0100"}
{"count": 10, "count_fp": "10.00", "created_time": "2026-03-02T17:36:09.403314Z", "no_price": 99, "no_price_dollars": "0.9900", "price": 0.01, "taker_side": "no", "ticker": "KXINX-26MAR02H1600-T6550", "trade_id": "d1b2d96a-271d-7b86-7756-2425b7b61fa0", "yes_price": 1, "yes_price_dollars": "0.0100"}
{"count": 10, "count_fp": "10.00", "created_time": "2026-03-02T17:36:09.403314Z", "no_price": 99, "no_price_dollars": "0.9900", "price": 0.01, "taker_side": "no", "ticker": "KXINX-26MAR02H1600-T6550", "trade_id": "c5d66f63-795e-7583-75da-758a58ae98d6", "yes_price": 1, "yes_price_dollars": "0.0100"}
{"count": 10, "count_fp": "10.00", "created_time": "2026-03-02T17:36:09.403314Z", "no_price": 99, "no_price_dollars": "0.9900", "price": 0.01, "taker_side": "no", "ticker": "KXINX-26MAR02H1600-T6550", "trade_id": "7c5fd9a5-ebf9-7db7-4883-9c1f4d66a9a5", "yes_price": 1, "yes_price_dollars": "0.0100"}
{"count": 3, "count_fp": "3.00", "created_time": "2026-03-02T17:36:09.403314Z", "no_price": 99, "no_price_dollars": "0.9900", "price": 0.01, "taker_side": "no", "ticker": "KXINX-26MAR02H1600-T6550", "trade_id": "3e0bee64-3389-7c10-63b2-ad0e98abeff6", "yes_price": 1, "yes_price_dollars": "0.0100"}
{"count": 7, "count_fp": "7.00", "created_time": "2026-03-02T17:36:09.403314Z", "no_price": 99, "no_price_dollars": "0.9900", "price": 0.01, "taker_side": "no", "ticker": "KXINX-26MAR02H1600-T6550", "trade_id": "359e46b2-0cac-7607-469b-c10aff4ff20a", "yes_price": 1, "yes_price_dollars": "0.0100"}
{"count": 7, "count_fp": "7.00", "created_time": "2026-03-02T17:36:09.403314Z", "no_price": 98, "no_price_dollars": "0.9800", "price": 0.02, "taker_side": "no", "ticker": "KXINX-26MAR02H1600-T6550", "trade_id": "20c72fab-e503-7351-7268-653f0e4595f8", "yes_price": 2, "yes_price_dollars": "0.0200"}
{"count": 10, "count_fp": "10.00", "created_time": "2026-03-02T17:36:09.403314Z", "no_price": 99, "no_price_dollars": "0.9900", "price": 0.01, "taker_side": "no", "ticker": "KXINX-26MAR02H1600-T6550", "trade_id": "13601db9-bd46-7309-4ece-7583e8395166", "yes_price": 1, "yes_price_dollars": "0.0100"}
{"count": 48, "count_fp": "48.00", "created_time": "2026-03-02T17:24:24.727815Z", "no_price": 98, "no_price_dollars": "0.9800", "price": 0.02, "taker_side": "no", "ticker": "KXINX-26MAR02H1600-T6550", "trade_id": "975f45c7-6097-69b2-cfb0-3058d5c01a6b", "yes_price": 2, "yes_price_dollars": "0.0200"}
{"count": 2, "count_fp": "2.00", "created_time": "2026-03-02T17:24:24.727815Z", "no_price": 98, "no_price_dollars": "0.9800", "price": 0.02, "taker_side": "no", "ticker": "KXINX-26MAR02H1600-T6550", "trade_id": "36d6aa82-e285-612a-c8cf-74130e003add", "yes_price": 2, "yes_price_dollars": "0.0200"}
{"count": 3, "count_fp": "3.00", "created_time": "2026-03-02T17:22:04.997522Z", "no_price": 98, "no_price_dollars": "0.9800", "price": 0.02, "taker_side": "no", "ticker": "KXINX-26MAR02H1600-T6550", "trade_id": "784d33c7-e8ba-7f6b-9e23-3ca58fef17f8", "yes_price": 2, "yes_price_dollars": "0.0200"}
{"count": 52, "count_fp": "52.00", "created_time": "2026-03-02T17:22:04.997522Z", "no_price": 98, "no_price_dollars": "0.9800", "price": 0.02, "taker_side": "no", "ticker": "KXINX-26MAR02H1600-T6550", "trade_id": "427d8a63-cdd8-77c8-b99b-73edad2cdc6c", "yes_price": 2, "yes_price_dollars": "0.0200"}
{"count": 60, "count_fp": "60.00", "created_time": "2026-03-02T17:20:18.029796Z", "no_price": 91, "no_price_dollars": "0.9100", "price": 0.09, "taker_side": "yes", "ticker": "KXINX-26MAR02H1600-T6550", "trade_id": "c89336e2-9adc-4284-7cad-6f80d8b0f62a", "yes_price": 9, "yes_price_dollars": "0.0900"}
{"count": 390, "count_fp": "390.00", "created_time": "2026-03-02T17:20:18.029796Z", "no_price": 90, "no_price_dollars": "0.9000", "price": 0.1, "taker_side": "yes", "ticker": "KXINX-26MAR02H1600-T6550", "trade_id": "62f93bb6-3bfc-4c39-43a8-611c1af1d812", "yes_price": 10, "yes_price_dollars": "0.1000"}
{"count": 95, "count_fp": "95.00", "created_time": "2026-03-02T17:07:51.599104Z", "no_price": 84, "no_price_dollars": "0.8400", "price": 0.16, "taker_side": "no", "ticker": "KXINX-26MAR02H1600-T6550", "trade_id": "e6fbeb07-90ff-7064-73c7-f0f0005ea6eb", "yes_price": 16, "yes_price_dollars": "0.1600"}
{"count": 5, "count_fp": "5.00", "created_time": "2026-03-02T17:07:51.57256Z", "no_price": 84, "no_price_dollars": "0.8400", "price": 0.16, "taker_side": "yes", "ticker": "KXINX-26MAR02H1600-T6550", "trade_id": "b6241d0b-2ac6-6eb3-e2a4-d54fbd63e4b6", "yes_price": 16, "yes_price_dollars": "0.1600"}
{"count": 60, "count_fp": "60.00", "created_time": "2026-03-02T17:04:17.310497Z", "no_price": 97, "no_price_dollars": "0.9700", "price": 0.03, "taker_side": "no", "ticker": "KXINX-26MAR02H1600-T6550", "trade_id": "9147123b-9d01-5e32-d6d8-6a423451ce8a", "yes_price": 3, "yes_price_dollars": "0.0300"}
{"count": 2, "count_fp": "2.00", "created_time": "2026-03-02T17:00:52.127169Z", "no_price": 97, "no_price_dollars": "0.9700", "price": 0.03, "taker_side": "yes", "ticker": "KXINX-26MAR02H1600-T6550", "trade_id": "ecdb14d7-cdc2-5cfb-2140-1455859ecaec", "yes_price": 3, "yes_price_dollars": "0.0300"}
{"count": 6, "count_fp": "6.00", "created_time": "2026-03-02T16:55:44.586228Z", "no_price": 98, "no_price_dollars": "0.9800", "price": 0.02, "taker_side": "no", "ticker": "KXINX-26MAR02H1600-T6550", "trade_id": "43661816-f2ea-40a6-65bf-a976ad0d7327", "yes_price": 2, "yes_price_dollars": "0.0200"}
{"count": 60, "count_fp": "60.00", "created_time": "2026-03-02T16:55:38.090379Z", "no_price": 98, "no_price_dollars": "0.9800", "price": 0.02, "taker_side": "yes", "ticker": "KXINX-26MAR02H1600-T6550", "trade_id": "cadad059-082a-7df3-f7b7-b9722c96d8b0", "yes_price": 2, "yes_price_dollars": "0.0200"}
{"count": 6, "count_fp": "6.00", "created_time": "2026-03-02T16:55:38.090379Z", "no_price": 98, "no_price_dollars": "0.9800", "price": 0.02, "taker_side": "yes", "ticker": "KXINX-26MAR02H1600-T6550", "trade_id": "c2573ac3-ab63-75c6-ce53-40dce25772ee", "yes_price": 2, "yes_price_dollars": "0.0200"}
{"count": 1, "count_fp": "1.00", "created_time": "2026-03-02T16:46:08.68419Z", "no_price": 97, "no_price_dollars": "0.9700", "price": 0.03, "taker_side": "no", "ticker": "KXINX-26MAR02H1600-T6550", "trade_id": "639d6241-466e-4f79-779a-f92e4979ec20", "yes_price": 3, "yes_price_dollars": "0.0300"}
{"count": 6, "count_fp": "6.00", "created_time": "2026-03-02T16:45:42.522518Z", "no_price": 97, "no_price_dollars": "0.9700", "price": 0.03, "taker_side": "no", "ticker": "KXINX-26MAR02H1600-T6550", "trade_id": "fa4f97cd-975d-56e5-0562-4bc776dca8d6", "yes_price": 3, "yes_price_dollars": "0.0300"}
{"count": 2, "count_fp": "2.00", "created_time": "2026-03-02T16:45:42.522518Z", "no_price": 97, "no_price_dollars": "0.9700", "price": 0.03, "taker_side": "no", "ticker": "KXINX-26MAR02H1600-T6550", "trade_id": "963cf506-ed4c-5667-1bbf-d4cc77e50087", "yes_price": 3, "yes_price_dollars": "0.0300"}
{"count": 92, "count_fp": "92.00", "created_time": "2026-03-02T16:45:38.695408Z", "no_price": 85, "no_price_dollars": "0.8500", "price": 0.15, "taker_side": "no", "ticker": "KXINX-26MAR02H1600-T6550", "trade_id": "fe923f08-8ae0-5d71-4562-410c941c92b2", "yes_price": 15, "yes_price_dollars": "0.1500"}
{"count": 5, "count_fp": "5.00", "created_time": "2026-03-02T16:45:38.667094Z", "no_price": 85, "no_price_dollars": "0.8500", "price": 0.15, "taker_side": "yes", "ticker": "KXINX-26MAR02H1600-T6550", "trade_id": "e25f37c0-38c3-5b14-3a46-4942e8870396", "yes_price": 15, "yes_price_dollars": "0.1500"}
{"count": 3, "count_fp": "3.00", "created_time": "2026-03-02T16:45:38.667094Z", "no_price": 85, "no_price_dollars": "0.8500", "price": 0.15, "taker_side": "yes", "ticker": "KXINX-26MAR02H1600-T6550", "trade_id": "afc20843-227a-59e3-3c40-1624a98c9194", "yes_price": 15, "yes_price_dollars": "0.1500"}
{"count": 15, "count_fp": "15.00", "created_time": "2026-03-02T16:39:11.252665Z", "no_price": 98, "no_price_dollars": "0.9800", "price": 0.02, "taker_side": "no", "ticker": "KXINX-26MAR02H1600-T6550", "trade_id": "e995dc2d-cdf0-61bc-e2a9-38e966258de8", "yes_price": 2, "yes_price_dollars": "0.0200"}
{"count": 8, "count_fp": "8.00", "created_time": "2026-03-02T16:39:11.252665Z", "no_price": 98, "no_price_dollars": "0.9800", "price": 0.02, "taker_side": "no", "ticker": "KXINX-26MAR02H1600-T6550", "trade_id": "350a28ed-1b38-6ef8-d985-336420651f52", "yes_price": 2, "yes_price_dollars": "0.0200"}
{"count": 2, "count_fp": "2.00", "created_time": "2026-03-02T16:39:11.252665Z", "no_price": 98, "no_price_dollars": "0.9800", "price": 0.02, "taker_side": "no", "ticker": "KXINX-26MAR02H1600-T6550", "trade_id": "2f682ed5-b145-692f-e546-758acc149dd8", "yes_price": 2, "yes_price_dollars": "0.0200"}
{"count": 3, "count_fp": "3.00", "created_time": "2026-03-02T16:37:26.296945Z", "no_price": 96, "no_price_dollars": "0.9600", "price": 0.04, "taker_side": "no", "ticker": "KXINX-26MAR02H1600-T6550", "trade_id": "abaa13a9-e7c3-7d29-7622-c1cc598cca99", "yes_price": 4, "yes_price_dollars": "0.0400"}
{"count": 1, "count_fp": "1.00", "created_time": "2026-03-02T16:37:26.296945Z", "no_price": 96, "no_price_dollars": "0.9600", "price": 0.04, "taker_side": "no", "ticker": "KXINX-26MAR02H1600-T6550", "trade_id": "a75ab993-51d8-7be5-7f26-88f2eddc2b37", "yes_price": 4, "yes_price_dollars": "0.0400"}
{"count": 15, "count_fp": "15.00", "created_time": "2026-03-02T16:37:24.642627Z", "no_price": 96, "no_price_dollars": "0.9600", "price": 0.04, "taker_side": "no", "ticker": "KXINX-26MAR02H1600-T6550", "trade_id": "41436169-a386-726f-281e-bdeea4f42652", "yes_price": 4, "yes_price_dollars": "0.0400"}
{"count": 100, "count_fp": "100.00", "created_time": "2026-03-02T16:37:21.470208Z", "no_price": 96, "no_price_dollars": "0.9600", "price": 0.04, "taker_side": "no", "ticker": "KXINX-26MAR02H1600-T6550", "trade_id": "a0f535ed-0bb5-73d6-71bd-49cc7a10ec32", "yes_price": 4, "yes_price_dollars": "0.0400"}
{"count": 15, "count_fp": "15.00", "created_time": "2026-03-02T16:36:46.506834Z", "no_price": 97, "no_price_dollars": "0.9700", "price": 0.03, "taker_side": "no", "ticker": "KXINX-26MAR02H1600-T6550", "trade_id": "b0858bbd-8a92-6490-731f-0fed76581d23", "yes_price": 3, "yes_price_dollars": "0.0300"}
{"count": 2, "count_fp": "2.00", "created_time": "2026-03-02T16:36:46.506834Z", "no_price": 97, "no_price_dollars": "0.9700", "price": 0.03, "taker_side": "no", "ticker": "KXINX-26MAR02H1600-T6550", "trade_id": "abf80336-88f9-633c-5121-f377b2e6d0df", "yes_price": 3, "yes_price_dollars": "0.0300"}
{"count": 100, "count_fp": "100.00", "created_time": "2026-03-02T16:36:33.591016Z", "no_price": 83, "no_price_dollars": "0.8300", "price": 0.17, "taker_side": "yes", "ticker": "KXINX-26MAR02H1600-T6550", "trade_id": "5ed0df7f-82b9-60c2-e413-a22a19b762d4", "yes_price": 17, "yes_price_dollars": "0.1700"}
{"count": 15, "count_fp": "15.00", "created_time": "2026-03-02T16:36:33.591016Z", "no_price": 83, "no_price_dollars": "0.8300", "price": 0.17, "taker_side": "yes", "ticker": "KXINX-26MAR02H1600-T6550", "trade_id": "17d25ecc-12b0-6928-c553-d2764e839970", "yes_price": 17, "yes_price_dollars": "0.1700"}
{"count": 97, "count_fp": "97.00", "created_time": "2026-03-02T16:36:33.569036Z", "no_price": 84, "no_price_dollars": "0.8400", "price": 0.16, "taker_side": "no", "ticker": "KXINX-26MAR02H1600-T6550", "trade_id": "4a9662d7-9260-4191-c601-5bfb244594eb", "yes_price": 16, "yes_price_dollars": "0.1600"}
{"count": 3, "count_fp": "3.00", "created_time": "2026-03-02T16:36:33.543619Z", "no_price": 84, "no_price_dollars": "0.8400", "price": 0.16, "taker_side": "yes", "ticker": "KXINX-26MAR02H1600-T6550", "trade_id": "501ddd4a-5ff0-44e2-2b23-fb9a9cc086e3", "yes_price": 16, "yes_price_dollars": "0.1600"}
{"count": 2, "count_fp": "2.00", "created_time": "2026-03-02T16:16:34.261942Z", "no_price": 1, "no_price_dollars": "0.0100", "price": 0.99, "taker_side": "no", "ticker": "KXINX-26MAR02H1600-T6550", "trade_id": "f62f99f4-5caf-55d8-428a-93604077382e", "yes_price": 99, "yes_price_dollars": "0.9900"}
{"count": 10, "count_fp": "10.00", "created_time": "2026-03-02T16:16:34.261942Z", "no_price": 1, "no_price_dollars": "0.0100", "price": 0.99, "taker_side": "no", "ticker": "KXINX-26MAR02H1600-T6550", "trade_id": "eed4cbf1-c158-5e87-4571-eb615ed43a60", "yes_price": 99, "yes_price_dollars": "0.9900"}
{"count": 10, "count_fp": "10.00", "created_time": "2026-03-02T16:16:34.261942Z", "no_price": 1, "no_price_dollars": "0.0100", "price": 0.99, "taker_side": "no", "ticker": "KXINX-26MAR02H1600-T6550", "trade_id": "cf4fc206-27ab-5fce-746a-1c150e29864c", "yes_price": 99, "yes_price_dollars": "0.9900"}
