{"count": 1, "count_fp": "1.00", "created_time": "2026-03-07T15:42:10.86154Z", "no_price": 89, "no_price_dollars": "0.8900", "price": 0.11, "taker_side": "yes", "ticker": "KXINX-26MAR13H1600-B7062", "trade_id": "eb57f686-e5a9-4256-f2f8-5d8cf3d59fc7", "yes_price": 11, "yes_price_dollars": "0.1100"}
{"count": 220, "count_fp": "220.00", "created_time": "2026-03-07T04:10:14.664199Z", "no_price": 89, "no_price_dollars": "0.8900", "price": 0.11, "taker_side": "yes", "ticker": "KXINX-26MAR13H1600-B6787", "trade_id": "c888fcff-417d-7193-9d18-57df0483a681", "yes_price": 11, "yes_price_dollars": "0.1100"}
{"count": 5, "count_fp": "5.00", "created_time": "2026-03-07T15:55:52.059273Z", "no_price": 84, "no_price_dollars": "0.8400", "price": 0.16, "taker_side": "yes", "ticker": "KXINX-26MAR13H1600-B6712", "trade_id": "28f0b99f-8507-60ae-c473-3e6d33057bc3", "yes_price": 16, "yes_price_dollars": "0.1600"}
{"count": 142, "count_fp": "142.00", "created_time": "2026-03-07T04:10:27.689198Z", "no_price": 83, "no_price_dollars": "0.8300", "price": 0.17, "taker_side": "yes", "ticker": "KXINX-26MAR13H1600-B6712", "trade_id": "02818bbd-a7b0-4049-7e99-3c6941d68083", "yes_price": 17, "yes_price_dollars": "0.1700"}
{"count": 323, "count_fp": "323.00", "created_time": "2026-03-07T03:53:08.52588Z", "no_price": 85, "no_price_dollars": "0.8500", "price": 0.15, "taker_side": "yes", "ticker": "KXINX-26MAR13H1600-B6687", "trade_id": "7007cdc5-2c8f-6dec-6748-377608ea61c7", "yes_price": 15, "yes_price_dollars": "0.1500"}
{"count": 34, "count_fp": "34.00", "created_time": "2026-03-07T15:04:07.355962Z", "no_price": 86, "no_price_dollars": "0.8600", "price": 0.14, "taker_side": "yes", "ticker": "KXINX-26MAR09H1600-B6687", "trade_id": "61846b65-3f22-5496-3a4d-eaf8f0fa8e76", "yes_price": 14, "yes_price_dollars": "0.1400"}
{"count": 1, "count_fp": "1.00", "created_time": "2026-03-07T07:50:03.999853Z", "no_price": 90, "no_price_dollars": "0.9000", "price": 0.1, "taker_side": "no", "ticker": "KXINX-26MAR09H1600-B6537", "trade_id": "80f48909-92d2-4d7e-ad01-9a21f31b7f9e", "yes_price": 10, "yes_price_dollars": "0.1000"}
{"count": 1, "count_fp": "1.00", "created_time": "2026-03-07T07:50:03.999853Z", "no_price": 92, "no_price_dollars": "0.9200", "price": 0.08, "taker_side": "no", "ticker": "KXINX-26MAR09H1600-B6537", "trade_id": "78bc1df0-605e-4f47-8a1b-b066178f5268", "yes_price": 8, "yes_price_dollars": "0.0800"}
{"count": 2, "count_fp": "2.00", "created_time": "2026-03-07T07:39:37.634265Z", "no_price": 86, "no_price_dollars": "0.8600", "price": 0.14, "taker_side": "yes", "ticker": "KXINX-26MAR09H1600-B6537", "trade_id": "0864b202-be65-4a9b-e054-8c01c411b161", "yes_price": 14, "yes_price_dollars": "0.1400"}
{"count": 1, "count_fp": "1.00", "created_time": "2026-03-07T07:39:34.738771Z", "no_price": 89, "no_price_dollars": "0.8900", "price": 0.11, "taker_side": "no", "ticker": "KXINX-26MAR09H1600-B6537", "trade_id": "6def77ad-eef2-46c2-e49a-a2526d201389", "yes_price": 11, "yes_price_dollars": "0.1100"}
{"count": 1, "count_fp": "1.00", "created_time": "2026-03-07T07:39:34.738353Z", "no_price": 93, "no_price_dollars": "0.9300", "price": 0.07, "taker_side": "no", "ticker": "KXINX-26MAR09H1600-B6512", "trade_id": "394f0e17-e0d4-6f13-5619-2dc5c1b14511", "yes_price": 7, "yes_price_dollars": "0.0700"}
{"count": 2, "count_fp": "2.00", "created_time": "2026-03-07T05:42:28.099316Z", "no_price": 86, "no_price_dollars": "0.8600", "price": 0.14, "taker_side": "yes", "ticker": "KXINX-26MAR09H1600-B6512", "trade_id": "248a84e2-796c-5459-76a3-a2d29cdc26be", "yes_price": 14, "yes_price_dollars": "0.1400"}
{"count": 10, "count_fp": "10.00", "created_time": "2026-03-07T13:09:41.598026Z", "no_price": 99, "no_price_dollars": "0.9900", "price": 0.01, "taker_side": "yes", "ticker": "KXINXU-26MAR09H1600-T7374.9999", "trade_id": "dabf5fe3-204a-53d0-092b-7f4c36067f21", "yes_price": 1, "yes_price_dollars": "0.0100"}
{"count": 167, "count_fp": "167.00", "created_time": "2026-03-07T03:46:38.317232Z", "no_price": 99, "no_price_dollars": "0.9900", "price": 0.01, "taker_side": "yes", "ticker": "KXINXU-26MAR09H1600-T7374.9999", "trade_id": "3e60097d-affb-720c-6a62-dfe1db7565bb", "yes_price": 1, "yes_price_dollars": "0.0100"}
{"count": 333, "count_fp": "333.00", "created_time": "2026-03-07T03:41:48.719903Z", "no_price": 99, "no_price_dollars": "0.9900", "price": 0.01, "taker_side": "yes", "ticker": "KXINXU-26MAR09H1600-T7374.9999", "trade_id": "55540594-4063-5ef0-57cd-dc7d4e738c17", "yes_price": 1, "yes_price_dollars": "0.0100"}
{"count": 1, "count_fp": "1.00", "created_time": "2026-03-07T12:15:03.621337Z", "no_price": 81, "no_price_dollars": "0.8100", "price": 0.19, "taker_side": "no", "ticker": "KXINXU-26MAR09H1600-T7074.9999", "trade_id": "9785f92e-7780-518d-b9f6-27ec4c6b706e", "yes_price": 19, "yes_price_dollars": "0.1900"}
{"count": 5, "count_fp": "5.00", "created_time": "2026-03-07T12:15:02.521682Z", "no_price": 80, "no_price_dollars": "0.8000", "price": 0.2, "taker_side": "no", "ticker": "KXINXU-26MAR09H1600-T7074.9999", "trade_id": "2439fa98-c7e5-5d26-e98e-e49651a18469", "yes_price": 20, "yes_price_dollars": "0.2000"}
{"count": 5, "count_fp": "5.00", "created_time": "2026-03-07T12:00:14.188002Z", "no_price": 80, "no_price_dollars": "0.8000", "price": 0.2, "taker_side": "no", "ticker": "KXINXU-26MAR09H1600-T7074.9999", "trade_id": "863ff331-0330-4d28-38c7-536da193968a", "yes_price": 20, "yes_price_dollars": "0.2000"}
{"count": 5, "count_fp": "5.00", "created_time": "2026-03-07T11:44:58.529153Z", "no_price": 80, "no_price_dollars": "0.8000", "price": 0.2, "taker_side": "no", "ticker": "KXINXU-26MAR09H1600-T7074.9999", "trade_id": "11c62325-34f7-5b07-1603-7fcec7ab20bd", "yes_price": 20, "yes_price_dollars": "0.2000"}
{"count": 1, "count_fp": "1.00", "created_time": "2026-03-07T10:53:42.260448Z", "no_price": 81, "no_price_dollars": "0.8100", "price": 0.19, "taker_side": "no", "ticker": "KXINXU-26MAR09H1600-T7074.9999", "trade_id": "37b92282-a5c6-64e7-ed4b-2b64e67fb36a", "yes_price": 19, "yes_price_dollars": "0.1900"}
{"count": 1, "count_fp": "1.00", "created_time": "2026-03-07T09:24:22.037713Z", "no_price": 92, "no_price_dollars": "0.9200", "price": 0.08, "taker_side": "no", "ticker": "KXINXU-26MAR09H1600-T7074.9999", "trade_id": "bb5f8d7b-0d43-6cad-5651-4025c12e152d", "yes_price": 8, "yes_price_dollars": "0.0800"}
{"count": 1, "count_fp": "1.00", "created_time": "2026-03-07T09:24:22.037713Z", "no_price": 81, "no_price_dollars": "0.8100", "price": 0.19, "taker_side": "no", "ticker": "KXINXU-26MAR09H1600-T7074.9999", "trade_id": "8219f73a-5117-666c-5801-a4f9c6b34aa9", "yes_price": 19, "yes_price_dollars": "0.1900"}
{"count": 1, "count_fp": "1.00", "created_time": "2026-03-07T13:34:01.392194Z", "no_price": 81, "no_price_dollars": "0.8100", "price": 0.19, "taker_side": "no", "ticker": "KXINXU-26MAR09H1600-T7049.9999", "trade_id": "c570cc2c-dd99-728b-5d22-4802fe17c6c9", "yes_price": 19, "yes_price_dollars": "0.1900"}
{"count": 1, "count_fp": "1.00", "created_time": "2026-03-07T10:54:01.730928Z", "no_price": 92, "no_price_dollars": "0.9200", "price": 0.08, "taker_side": "no", "ticker": "KXINXU-26MAR09H1600-T7049.9999", "trade_id": "44e35d8f-8038-437a-ee30-409f59c14d52", "yes_price": 8, "yes_price_dollars": "0.0800"}
{"count": 1, "count_fp": "1.00", "created_time": "2026-03-07T10:53:51.649848Z", "no_price": 81, "no_price_dollars": "0.8100", "price": 0.19, "taker_side": "no", "ticker": "KXINXU-26MAR09H1600-T7049.9999", "trade_id": "9ff7ca7b-67ae-69cb-c722-323a657870da", "yes_price": 19, "yes_price_dollars": "0.1900"}
{"count": 1, "count_fp": "1.00", "created_time": "2026-03-07T09:24:28.298959Z", "no_price": 92, "no_price_dollars": "0.9200", "price": 0.08, "taker_side": "no", "ticker": "KXINXU-26MAR09H1600-T7049.9999", "trade_id": "9cbf1bc8-1ac3-7a92-9a5f-6251fa6397cf", "yes_price": 8, "yes_price_dollars": "0.0800"}
{"count": 1, "count_fp": "1.00", "created_time": "2026-03-07T09:24:28.298959Z", "no_price": 81, "no_price_dollars": "0.8100", "price": 0.19, "taker_side": "no", "ticker": "KXINXU-26MAR09H1600-T7049.9999", "trade_id": "53bccf85-7532-70d1-a59c-c75d747b85a3", "yes_price": 19, "yes_price_dollars": "0.1900"}
{"count": 50, "count_fp": "50.00", "created_time": "2026-03-07T05:39:52.315778Z", "no_price": 99, "no_price_dollars": "0.9900", "price": 0.01, "taker_side": "no", "ticker": "KXINXU-26MAR09H1600-T7024.9999", "trade_id": "0ccfdda3-03ba-74de-1b71-6068bed9c7d9", "yes_price": 1, "yes_price_dollars": "0.0100"}
{"count": 8, "count_fp": "8.00", "created_time": "2026-03-07T15:48:30.616883Z", "no_price": 98, "no_price_dollars": "0.9800", "price": 0.02, "taker_side": "no", "ticker": "KXINXU-26MAR09H1600-T6899.9999", "trade_id": "95abec66-b65a-624e-269b-9d5a8593257c", "yes_price": 2, "yes_price_dollars": "0.0200"}
{"count": 8, "count_fp": "8.00", "created_time": "2026-03-07T15:45:21.889209Z", "no_price": 82, "no_price_dollars": "0.8200", "price": 0.18, "taker_side": "yes", "ticker": "KXINXU-26MAR09H1600-T6899.9999", "trade_id": "f1a783c4-028f-6a4c-163a-d08cef1c0659", "yes_price": 18, "yes_price_dollars": "0.1800"}
{"count": 94, "count_fp": "94.00", "created_time": "2026-03-07T15:45:21.889209Z", "no_price": 81, "no_price_dollars": "0.8100", "price": 0.19, "taker_side": "yes", "ticker": "KXINXU-26MAR09H1600-T6899.9999", "trade_id": "c8921f86-00f7-6dc8-3130-3fbdd3463ce2", "yes_price": 19, "yes_price_dollars": "0.1900"}
{"count": 45, "count_fp": "45.00", "created_time": "2026-03-07T15:11:32.544302Z", "no_price": 99, "no_price_dollars": "0.9900", "price": 0.01, "taker_side": "no", "ticker": "KXINXU-26MAR09H1600-T6899.9999", "trade_id": "9eeb3731-be8c-5344-4f62-455160b0fd69", "yes_price": 1, "yes_price_dollars": "0.0100"}
{"count": 5, "count_fp": "5.00", "created_time": "2026-03-07T14:05:36.984737Z", "no_price": 98, "no_price_dollars": "0.9800", "price": 0.02, "taker_side": "no", "ticker": "KXINXU-26MAR09H1600-T6899.9999", "trade_id": "6af56710-91d4-5e02-e014-7bc3264ab73e", "yes_price": 2, "yes_price_dollars": "0.0200"}
{"count": 50, "count_fp": "50.00", "created_time": "2026-03-07T13:44:13.040661Z", "no_price": 99, "no_price_dollars": "0.9900", "price": 0.01, "taker_side": "no", "ticker": "KXINXU-26MAR09H1600-T6899.9999", "trade_id": "21e9e884-2f68-54a8-3325-a4a092ff735d", "yes_price": 1, "yes_price_dollars": "0.0100"}
{"count": 5, "count_fp": "5.00", "created_time": "2026-03-07T12:15:02.52215Z", "no_price": 82, "no_price_dollars": "0.8200", "price": 0.18, "taker_side": "yes", "ticker": "KXINXU-26MAR09H1600-T6899.9999", "trade_id": "65c26573-44a4-4362-60eb-d234aeaec060", "yes_price": 18, "yes_price_dollars": "0.1800"}
{"count": 5, "count_fp": "5.00", "created_time": "2026-03-07T11:44:58.463536Z", "no_price": 81, "no_price_dollars": "0.8100", "price": 0.19, "taker_side": "yes", "ticker": "KXINXU-26MAR09H1600-T6899.9999", "trade_id": "8758102e-6f8b-63a3-d883-4f324f5650a2", "yes_price": 19, "yes_price_dollars": "0.1900"}
{"count": 50, "count_fp": "50.00", "created_time": "2026-03-07T06:01:57.892091Z", "no_price": 99, "no_price_dollars": "0.9900", "price": 0.01, "taker_side": "no", "ticker": "KXINXU-26MAR09H1600-T6899.9999", "trade_id": "5db08cd5-aa00-4a70-5637-2629510d07d9", "yes_price": 1, "yes_price_dollars": "0.0100"}
{"count": 1, "count_fp": "1.00", "created_time": "2026-03-07T16:13:42.568668Z", "no_price": 84, "no_price_dollars": "0.8400", "price": 0.16, "taker_side": "no", "ticker": "KXINXU-26MAR09H1600-T6849.9999", "trade_id": "d7659ca5-7804-6923-7fdf-cbda692a88ad", "yes_price": 16, "yes_price_dollars": "0.1600"}
{"count": 2, "count_fp": "2.00", "created_time": "2026-03-07T16:13:42.568668Z", "no_price": 84, "no_price_dollars": "0.8400", "price": 0.16, "taker_side": "no", "ticker": "KXINXU-26MAR09H1600-T6849.9999", "trade_id": "d70b2acd-ab5a-6593-652c-6c383d81dce8", "yes_price": 16, "yes_price_dollars": "0.1600"}
{"count": 37, "count_fp": "37.00", "created_time": "2026-03-07T16:13:42.568668Z", "no_price": 83, "no_price_dollars": "0.8300", "price": 0.17, "taker_side": "no", "ticker": "KXINXU-26MAR09H1600-T6849.9999", "trade_id": "9ad3388b-99c7-6636-5256-aed16641b893", "yes_price": 17, "yes_price_dollars": "0.1700"}
{"count": 2, "count_fp": "2.00", "created_time": "2026-03-07T16:13:42.568668Z", "no_price": 92, "no_price_dollars": "0.9200", "price": 0.08, "taker_side": "no", "ticker": "KXINXU-26MAR09H1600-T6849.9999", "trade_id": "97aea8b0-0864-6e83-51f2-d45e62b48a4d", "yes_price": 8, "yes_price_dollars": "0.0800"}
{"count": 2, "count_fp": "2.00", "created_time": "2026-03-07T16:13:42.568668Z", "no_price": 84, "no_price_dollars": "0.8400", "price": 0.16, "taker_side": "no", "ticker": "KXINXU-26MAR09H1600-T6849.9999", "trade_id": "954bce3f-d37d-62d4-605c-39938fd14be7", "yes_price": 16, "yes_price_dollars": "0.1600"}
{"count": 1, "count_fp": "1.00", "created_time": "2026-03-07T16:13:42.568668Z", "no_price": 84, "no_price_dollars": "0.8400", "price": 0.16, "taker_side": "no", "ticker": "KXINXU-26MAR09H1600-T6849.9999", "trade_id": "81f2310f-525a-6344-65cd-0d0c0c09618e", "yes_price": 16, "yes_price_dollars": "0.1600"}
{"count": 2, "count_fp": "2.00", "created_time": "2026-03-07T16:13:42.568668Z", "no_price": 84, "no_price_dollars": "0.8400", "price": 0.16, "taker_side": "no", "ticker": "KXINXU-26MAR09H1600-T6849.9999", "trade_id": "59138931-4ef1-6925-574b-e4940b7efa4c", "yes_price": 16, "yes_price_dollars": "0.1600"}
{"count": 1, "count_fp": "1.00", "created_time": "2026-03-07T16:13:42.568668Z", "no_price": 84, "no_price_dollars": "0.8400", "price": 0.16, "taker_side": "no", "ticker": "KXINXU-26MAR09H1600-T6849.9999", "trade_id": "473953ac-1d33-6b01-73b1-e9bbdafa8f3e", "yes_price": 16, "yes_price_dollars": "0.1600"}
{"count": 8, "count_fp": "8.00", "created_time": "2026-03-07T16:13:42.568668Z", "no_price": 84, "no_price_dollars": "0.8400", "price": 0.16, "taker_side": "no", "ticker": "KXINXU-26MAR09H1600-T6849.9999", "trade_id": "3df6a197-f4f7-69dd-57e7-bec1c446ad85", "yes_price": 16, "yes_price_dollars": "0.1600"}
{"count": 2, "count_fp": "2.00", "created_time": "2026-03-07T16:13:42.568668Z", "no_price": 84, "no_price_dollars": "0.8400", "price": 0.16, "taker_side": "no", "ticker": "KXINXU-26MAR09H1600-T6849.9999", "trade_id": "0576824a-9bc2-6fb2-4135-e8c47e90e101", "yes_price": 16, "yes_price_dollars": "0.1600"}
{"count": 1, "count_fp": "1.00", "created_time": "2026-03-07T16:13:42.568668Z", "no_price": 84, "no_price_dollars": "0.8400", "price": 0.16, "taker_side": "no", "ticker": "KXINXU-26MAR09H1600-T6849.9999", "trade_id": "024b73e0-2a0e-630d-5216-2a49d596d955", "yes_price": 16, "yes_price_dollars": "0.1600"}
{"count": 3, "count_fp": "3.00", "created_time": "2026-03-07T15:27:44.48838Z", "no_price": 83, "no_price_dollars": "0.8300", "price": 0.17, "taker_side": "no", "ticker": "KXINXU-26MAR09H1600-T6849.9999", "trade_id": "84f28729-8af7-53f2-6a4d-4608ab1ca0ff", "yes_price": 17, "yes_price_dollars": "0.1700"}
{"count": 1, "count_fp": "1.00", "created_time": "2026-03-07T04:00:04.442767Z", "no_price": 84, "no_price_dollars": "0.8400", "price": 0.16, "taker_side": "no", "ticker": "KXINXU-26MAR09H1600-T6849.9999", "trade_id": "bc003394-37e8-4d33-1be0-0eb644e82d77", "yes_price": 16, "yes_price_dollars": "0.1600"}
{"count": 1, "count_fp": "1.00", "created_time": "2026-03-07T04:00:04.442767Z", "no_price": 84, "no_price_dollars": "0.8400", "price": 0.16, "taker_side": "no", "ticker": "KXINXU-26MAR09H1600-T6849.9999", "trade_id": "b4c926e5-2810-4227-2871-4991d466b770", "yes_price": 16, "yes_price_dollars": "0.1600"}
{"count": 1, "count_fp": "1.00", "created_time": "2026-03-07T04:00:04.442767Z", "no_price": 84, "no_price_dollars": "0.8400", "price": 0.16, "taker_side": "no", "ticker": "KXINXU-26MAR09H1600-T6849.9999", "trade_id": "97f4cb9e-8068-47f7-0c61-5140208041de", "yes_price": 16, "yes_price_dollars": "0.1600"}
{"count": 2, "count_fp": "2.00", "created_time": "2026-03-07T04:00:04.442767Z", "no_price": 84, "no_price_dollars": "0.8400", "price": 0.16, "taker_side": "no", "ticker": "KXINXU-26MAR09H1600-T6849.9999", "trade_id": "7ef94cd1-b4c0-4ffb-1302-47174a812cf7", "yes_price": 16, "yes_price_dollars": "0.1600"}
{"count": 1, "count_fp": "1.00", "created_time": "2026-03-07T04:00:04.442767Z", "no_price": 84, "no_price_dollars": "0.8400", "price": 0.16, "taker_side": "no", "ticker": "KXINXU-26MAR09H1600-T6849.9999", "trade_id": "42414e65-a83b-4458-26bb-2976c55a4b2c", "yes_price": 16, "yes_price_dollars": "0.1600"}
{"count": 2, "count_fp": "2.00", "created_time": "2026-03-07T04:00:04.442767Z", "no_price": 84, "no_price_dollars": "0.8400", "price": 0.16, "taker_side": "no", "ticker": "KXINXU-26MAR09H1600-T6849.9999", "trade_id": "101f2c00-3444-4ec6-04e0-d4fc098c2c56", "yes_price": 16, "yes_price_dollars": "0.1600"}
{"count": 2, "count_fp": "2.00", "created_time": "2026-03-07T04:00:04.442767Z", "no_price": 84, "no_price_dollars": "0.8400", "price": 0.16, "taker_side": "no", "ticker": "KXINXU-26MAR09H1600-T6849.9999", "trade_id": "0e704a78-bc83-4d1e-205e-c631b7d0d170", "yes_price": 16, "yes_price_dollars": "0.1600"}
{"count": 16, "count_fp": "16.00", "created_time": "2026-03-07T02:01:03.708172Z", "no_price": 83, "no_price_dollars": "0.8300", "price": 0.17, "taker_side": "yes", "ticker": "KXINXU-26MAR09H1600-T6849.9999", "trade_id": "f6bba8b9-acbb-5c28-e259-a428534fbdb7", "yes_price": 17, "yes_price_dollars": "0.1700"}
{"count": 12, "count_fp": "12.00", "created_time": "2026-03-07T02:01:03.708172Z", "no_price": 83, "no_price_dollars": "0.8300", "price": 0.17, "taker_side": "yes", "ticker": "KXINXU-26MAR09H1600-T6849.9999", "trade_id": "d253902d-4ede-5597-c9eb-416a1b20887f", "yes_price": 17, "yes_price_dollars": "0.1700"}
{"count": 6, "count_fp": "6.00", "created_time": "2026-03-07T01:52:39.302638Z", "no_price": 81, "no_price_dollars": "0.8100", "price": 0.19, "taker_side": "no", "ticker": "KXINXU-26MAR09H1600-T6849.9999", "trade_id": "413b31ce-c770-60a5-0a3a-14e6328dfb32", "yes_price": 19, "yes_price_dollars": "0.1900"}
{"count": 5, "count_fp": "5.00", "created_time": "2026-03-07T01:47:59.630539Z", "no_price": 83, "no_price_dollars": "0.8300", "price": 0.17, "taker_side": "no", "ticker": "KXINXU-26MAR09H1600-T6849.9999", "trade_id": "a9d634f5-c004-54ff-949a-af9dd99435b5", "yes_price": 17, "yes_price_dollars": "0.1700"}
{"count": 5, "count_fp": "5.00", "created_time": "2026-03-07T01:47:32.093835Z", "no_price": 83, "no_price_dollars": "0.8300", "price": 0.17, "taker_side": "no", "ticker": "KXINXU-26MAR09H1600-T6849.9999", "trade_id": "37472663-5c00-57e7-216f-f21cc8c661c9", "yes_price": 17, "yes_price_dollars": "0.1700"}
{"count": 1, "count_fp": "1.00", "created_time": "2026-03-07T17:33:40.375242Z", "no_price": 83, "no_price_dollars": "0.8300", "price": 0.17, "taker_side": "no", "ticker": "KXINXU-26MAR09H1600-T6824.9999", "trade_id": "ab97502c-af1c-70c2-c5f2-3524caf3c989", "yes_price": 17, "yes_price_dollars": "0.1700"}
{"count": 2, "count_fp": "2.00", "created_time": "2026-03-07T16:47:56.717048Z", "no_price": 83, "no_price_dollars": "0.8300", "price": 0.17, "taker_side": "no", "ticker": "KXINXU-26MAR09H1600-T6824.9999", "trade_id": "fa901560-20e8-6139-505c-110c8fc6ae12", "yes_price": 17, "yes_price_dollars": "0.1700"}
{"count": 2, "count_fp": "2.00", "created_time": "2026-03-07T16:47:56.717048Z", "no_price": 83, "no_price_dollars": "0.8300", "price": 0.17, "taker_side": "no", "ticker": "KXINXU-26MAR09H1600-T6824.9999", "trade_id": "c2ac71d6-4a5c-6b81-4496-21167c46b7f0", "yes_price": 17, "yes_price_dollars": "0.1700"}
{"count": 2, "count_fp": "2.00", "created_time": "2026-03-07T16:47:56.717048Z", "no_price": 83, "no_price_dollars": "0.8300", "price": 0.17, "taker_side": "no", "ticker": "KXINXU-26MAR09H1600-T6824.9999", "trade_id": "b9bf5026-9bfe-696e-524c-47634988b8ff", "yes_price": 17, "yes_price_dollars": "0.1700"}
{"count": 2, "count_fp": "2.00", "created_time": "2026-03-07T16:47:56.717048Z", "no_price": 83, "no_price_dollars": "0.8300", "price": 0.17, "taker_side": "no", "ticker": "KXINXU-26MAR09H1600-T6824.9999", "trade_id": "a787e6aa-cd3b-6135-67a2-0bab14760cb7", "yes_price": 17, "yes_price_dollars": "0.1700"}
{"count": 2, "count_fp": "2.00", "created_time": "2026-03-07T16:47:56.717048Z", "no_price": 83, "no_price_dollars": "0.8300", "price": 0.17, "taker_side": "no", "ticker": "KXINXU-26MAR09H1600-T6824.9999", "trade_id": "9cda852e-9fef-6542-41b3-a00e9d1266e6", "yes_price": 17, "yes_price_dollars": "0.1700"}
{"count": 1, "count_fp": "1.00", "created_time": "2026-03-07T16:47:56.717048Z", "no_price": 83, "no_price_dollars": "0.8300", "price": 0.17, "taker_side": "no", "ticker": "KXINXU-26MAR09H1600-T6824.9999", "trade_id": "9ac862db-7034-62aa-4a33-31a223a8e621", "yes_price": 17, "yes_price_dollars": "0.1700"}
{"count": 2, "count_fp": "2.00", "created_time": "2026-03-07T16:47:56.717048Z", "no_price": 83, "no_price_dollars": "0.8300", "price": 0.17, "taker_side": "no", "ticker": "KXINXU-26MAR09H1600-T6824.9999", "trade_id": "93d5494b-a60f-6428-7011-fb8492750af4", "yes_price": 17, "yes_price_dollars": "0.1700"}
{"count": 2, "count_fp": "2.00", "created_time": "2026-03-07T16:47:56.717048Z", "no_price": 83, "no_price_dollars": "0.8300", "price": 0.17, "taker_side": "no", "ticker": "KXINXU-26MAR09H1600-T6824.9999", "trade_id": "93827720-13c0-6829-744c-e46c641d98c4", "yes_price": 17, "yes_price_dollars": "0.1700"}
{"count": 2, "count_fp": "2.00", "created_time": "2026-03-07T16:47:56.717048Z", "no_price": 83, "no_price_dollars": "0.8300", "price": 0.17, "taker_side": "no", "ticker": "KXINXU-26MAR09H1600-T6824.9999", "trade_id": "897adcc8-ef83-6fcb-7c68-5ceb8267a45f", "yes_price": 17, "yes_price_dollars": "0.1700"}
{"count": 2, "count_fp": "2.00", "created_time": "2026-03-07T16:47:56.717048Z", "no_price": 83, "no_price_dollars": "0.8300", "price": 0.17, "taker_side": "no", "ticker": "KXINXU-26MAR09H1600-T6824.9999", "trade_id": "77eaee5d-b1b1-6096-7f49-549c6ad73ce8", "yes_price": 17, "yes_price_dollars": "0.1700"}
{"count": 2, "count_fp": "2.00", "created_time": "2026-03-07T16:47:56.717048Z", "no_price": 83, "no_price_dollars": "0.8300", "price": 0.17, "taker_side": "no", "ticker": "KXINXU-26MAR09H1600-T6824.9999", "trade_id": "50d087c2-1773-6ae5-559e-a98338500742", "yes_price": 17, "yes_price_dollars": "0.1700"}
{"count": 2, "count_fp": "2.00", "created_time": "2026-03-07T16:47:56.717048Z", "no_price": 83, "no_price_dollars": "0.8300", "price": 0.17, "taker_side": "no", "ticker": "KXINXU-26MAR09H1600-T6824.9999", "trade_id": "3a09e924-a4b8-635c-60cf-21d897f7f8d3", "yes_price": 17, "yes_price_dollars": "0.1700"}
{"count": 2, "count_fp": "2.00", "created_time": "2026-03-07T16:47:56.717048Z", "no_price": 83, "no_price_dollars": "0.8300", "price": 0.17, "taker_side": "no", "ticker": "KXINXU-26MAR09H1600-T6824.9999", "trade_id": "2d3a66b0-bab9-6184-4a53-c35dd63a9067", "yes_price": 17, "yes_price_dollars": "0.1700"}
{"count": 14, "count_fp": "14.00", "created_time": "2026-03-07T16:38:07.883538Z", "no_price": 82, "no_price_dollars": "0.8200", "price": 0.18, "taker_side": "yes", "ticker": "KXINXU-26MAR09H1600-T6824.9999", "trade_id": "8ff97af2-7317-6778-06e7-1408c98bd659", "yes_price": 18, "yes_price_dollars": "0.1800"}
{"count": 1, "count_fp": "1.00", "created_time": "2026-03-07T16:38:07.883538Z", "no_price": 82, "no_price_dollars": "0.8200", "price": 0.18, "taker_side": "yes", "ticker": "KXINXU-26MAR09H1600-T6824.9999", "trade_id": "66f4c7c2-0de9-6854-2777-e107ad05e622", "yes_price": 18, "yes_price_dollars": "0.1800"}
{"count": 12, "count_fp": "12.00", "created_time": "2026-03-07T16:38:07.883538Z", "no_price": 82, "no_price_dollars": "0.8200", "price": 0.18, "taker_side": "yes", "ticker": "KXINXU-26MAR09H1600-T6824.9999", "trade_id": "4f23b589-725b-69b2-3c3e-b7fb6709ba5e", "yes_price": 18, "yes_price_dollars": "0.1800"}
{"count": 2, "count_fp": "2.00", "created_time": "2026-03-07T15:27:19.037444Z", "no_price": 83, "no_price_dollars": "0.8300", "price": 0.17, "taker_side": "no", "ticker": "KXINXU-26MAR09H1600-T6824.9999", "trade_id": "810c1b63-7a6e-6f3a-37c6-43053de86183", "yes_price": 17, "yes_price_dollars": "0.1700"}
{"count": 5, "count_fp": "5.00", "created_time": "2026-03-07T12:15:03.193023Z", "no_price": 81, "no_price_dollars": "0.8100", "price": 0.19, "taker_side": "yes", "ticker": "KXINXU-26MAR09H1600-T6824.9999", "trade_id": "2e7392b0-e43d-6c70-5507-54c43c2c1937", "yes_price": 19, "yes_price_dollars": "0.1900"}
{"count": 5, "count_fp": "5.00", "created_time": "2026-03-07T12:00:14.389351Z", "no_price": 81, "no_price_dollars": "0.8100", "price": 0.19, "taker_side": "yes", "ticker": "KXINXU-26MAR09H1600-T6824.9999", "trade_id": "8dce1ead-9f4d-5488-6d26-e5236c283b07", "yes_price": 19, "yes_price_dollars": "0.1900"}
{"count": 5, "count_fp": "5.00", "created_time": "2026-03-07T11:54:22.171102Z", "no_price": 81, "no_price_dollars": "0.8100", "price": 0.19, "taker_side": "yes", "ticker": "KXINXU-26MAR09H1600-T6824.9999", "trade_id": "c2a75174-fc59-76d4-0eb8-907097c280bf", "yes_price": 19, "yes_price_dollars": "0.1900"}
{"count": 5, "count_fp": "5.00", "created_time": "2026-03-07T11:44:58.596967Z", "no_price": 81, "no_price_dollars": "0.8100", "price": 0.19, "taker_side": "yes", "ticker": "KXINXU-26MAR09H1600-T6824.9999", "trade_id": "d313fdde-0fcd-7890-6535-4818c846e23b", "yes_price": 19, "yes_price_dollars": "0.1900"}
{"count": 25, "count_fp": "25.00", "created_time": "2026-03-07T09:20:11.296385Z", "no_price": 81, "no_price_dollars": "0.8100", "price": 0.19, "taker_side": "yes", "ticker": "KXINXU-26MAR09H1600-T6824.9999", "trade_id": "9b2ebb9a-3765-5c68-e016-8e2698c950b3", "yes_price": 19, "yes_price_dollars": "0.1900"}
{"count": 11, "count_fp": "11.00", "created_time": "2026-03-07T07:34:27.888416Z", "no_price": 58, "no_price_dollars": "0.5800", "price": 0.42, "taker_side": "no", "ticker": "KXINXU-26MAR09H1600-T6824.9999", "trade_id": "ed8a32fc-bfa8-71e8-8b5b-8317ffb16ff9", "yes_price": 42, "yes_price_dollars": "0.4200"}
{"count": 3, "count_fp": "3.00", "created_time": "2026-03-07T07:34:27.291126Z", "no_price": 57, "no_price_dollars": "0.5700", "price": 0.43, "taker_side": "no", "ticker": "KXINXU-26MAR09H1600-T6824.9999", "trade_id": "2ab441d8-0e31-4a72-2328-b78b5d374ac0", "yes_price": 43, "yes_price_dollars": "0.4300"}
{"count": 5, "count_fp": "5.00", "created_time": "2026-03-07T07:14:33.099881Z", "no_price": 42, "no_price_dollars": "0.4200", "price": 0.58, "taker_side": "no", "ticker": "KXINXU-26MAR09H1600-T6824.9999", "trade_id": "fe57d0cd-b4ee-45a8-cdca-5b5bbc06debb", "yes_price": 58, "yes_price_dollars": "0.5800"}
{"count": 13, "count_fp": "13.00", "created_time": "2026-03-07T07:14:33.099881Z", "no_price": 43, "no_price_dollars": "0.4300", "price": 0.57, "taker_side": "no", "ticker": "KXINXU-26MAR09H1600-T6824.9999", "trade_id": "deae49cf-520f-4849-f9b6-045ffbdaa225", "yes_price": 57, "yes_price_dollars": "0.5700"}
{"count": 2, "count_fp": "2.00", "created_time": "2026-03-07T07:14:22.698242Z", "no_price": 55, "no_price_dollars": "0.5500", "price": 0.45, "taker_side": "no", "ticker": "KXINXU-26MAR09H1600-T6824.9999", "trade_id": "e0f5e414-6d90-4009-c586-87aa92900a46", "yes_price": 45, "yes_price_dollars": "0.4500"}
{"count": 10, "count_fp": "10.00", "created_time": "2026-03-07T07:14:22.698242Z", "no_price": 55, "no_price_dollars": "0.5500", "price": 0.45, "taker_side": "no", "ticker": "KXINXU-26MAR09H1600-T6824.9999", "trade_id": "60907d35-4a63-4b48-fa11-9ee14da75d4b", "yes_price": 45, "yes_price_dollars": "0.4500"}
{"count": 1, "count_fp": "1.00", "created_time": "2026-03-07T07:14:14.267308Z", "no_price": 74, "no_price_dollars": "0.7400", "price": 0.26, "taker_side": "yes", "ticker": "KXINXU-26MAR09H1600-T6824.9999", "trade_id": "ff93c47a-c2fc-6cff-facb-82d3f3b6b5d6", "yes_price": 26, "yes_price_dollars": "0.2600"}
{"count": 10, "count_fp": "10.00", "created_time": "2026-03-07T07:14:14.267308Z", "no_price": 61, "no_price_dollars": "0.6100", "price": 0.39, "taker_side": "yes", "ticker": "KXINXU-26MAR09H1600-T6824.9999", "trade_id": "fd8d49a2-80f4-6fef-cf8a-cfd32259db48", "yes_price": 39, "yes_price_dollars": "0.3900"}
{"count": 2, "count_fp": "2.00", "created_time": "2026-03-07T07:14:14.267308Z", "no_price": 73, "no_price_dollars": "0.7300", "price": 0.27, "taker_side": "yes", "ticker": "KXINXU-26MAR09H1600-T6824.9999", "trade_id": "a1c9f650-0dff-6746-c159-f37bf034c631", "yes_price": 27, "yes_price_dollars": "0.2700"}
{"count": 15, "count_fp": "15.00", "created_time": "2026-03-07T07:14:14.267308Z", "no_price": 61, "no_price_dollars": "0.6100", "price": 0.39, "taker_side": "yes", "ticker": "KXINXU-26MAR09H1600-T6824.9999", "trade_id": "8b0b7122-465c-6a09-f1c6-06514a53749f", "yes_price": 39, "yes_price_dollars": "0.3900"}
{"count": 2, "count_fp": "2.00", "created_time": "2026-03-07T07:14:14.267308Z", "no_price": 73, "no_price_dollars": "0.7300", "price": 0.27, "taker_side": "yes", "ticker": "KXINXU-26MAR09H1600-T6824.9999", "trade_id": "86633078-be4c-699c-df07-9fe1ea508d76", "yes_price": 27, "yes_price_dollars": "0.2700"}
{"count": 10, "count_fp": "10.00", "created_time": "2026-03-07T07:14:14.267308Z", "no_price": 60, "no_price_dollars": "0.6000", "price": 0.4, "taker_side": "yes", "ticker": "KXINXU-26MAR09H1600-T6824.9999", "trade_id": "59035443-e152-6f4b-c643-0ccb5e429db0", "yes_price": 40, "yes_price_dollars": "0.4000"}
{"count": 2, "count_fp": "2.00", "created_time": "2026-03-07T07:14:14.267308Z", "no_price": 73, "no_price_dollars": "0.7300", "price": 0.27, "taker_side": "yes", "ticker": "KXINXU-26MAR09H1600-T6824.9999", "trade_id": "58b5ec60-4bae-6c8f-c91d-40bcabe24fb5", "yes_price": 27, "yes_price_dollars": "0.2700"}
{"count": 15, "count_fp": "15.00", "created_time": "2026-03-07T07:14:14.267308Z", "no_price": 60, "no_price_dollars": "0.6000", "price": 0.4, "taker_side": "yes", "ticker": "KXINXU-26MAR09H1600-T6824.9999", "trade_id": "3e2f836e-63f4-688f-e30c-31092284f750", "yes_price": 40, "yes_price_dollars": "0.4000"}
{"count": 3, "count_fp": "3.00", "created_time": "2026-03-07T07:14:14.267308Z", "no_price": 3, "no_price_dollars": "0.0300", "price": 0.97, "taker_side": "yes", "ticker": "KXINXU-26MAR09H1600-T6824.9999", "trade_id": "32b315cb-fd3a-6eee-e3cc-4297cc134b07", "yes_price": 97, "yes_price_dollars": "0.9700"}
{"count": 40, "count_fp": "40.00", "created_time": "2026-03-07T07:14:14.267308Z", "no_price": 43, "no_price_dollars": "0.4300", "price": 0.57, "taker_side": "yes", "ticker": "KXINXU-26MAR09H1600-T6824.9999", "trade_id": "1e340cd5-f90e-61c0-cf6e-7df13741ca18", "yes_price": 57, "yes_price_dollars": "0.5700"}
{"count": 2, "count_fp": "2.00", "created_time": "2026-03-07T07:14:14.267308Z", "no_price": 73, "no_price_dollars": "0.7300", "price": 0.27, "taker_side": "yes", "ticker": "KXINXU-26MAR09H1600-T6824.9999", "trade_id": "1dbd1553-fbfe-6345-c7d7-62c279482dbf", "yes_price": 27, "yes_price_dollars": "0.2700"}
{"count": 2, "count_fp": "2.00", "created_time": "2026-03-07T07:14:14.267308Z", "no_price": 73, "no_price_dollars": "0.7300", "price": 0.27, "taker_side": "yes", "ticker": "KXINXU-26MAR09H1600-T6824.9999", "trade_id": "1be2b9b3-1d5c-6a70-c76c-fd0a9f0e9122", "yes_price": 27, "yes_price_dollars": "0.2700"}
{"count": 2, "count_fp": "2.00", "created_time": "2026-03-07T07:14:14.267308Z", "no_price": 73, "no_price_dollars": "0.7300", "price": 0.27, "taker_side": "yes", "ticker": "KXINXU-26MAR09H1600-T6824.9999", "trade_id": "06995e09-29d2-6449-c463-50e41539478e", "yes_price": 27, "yes_price_dollars": "0.2700"}
{"count": 10, "count_fp": "10.00", "created_time": "2026-03-07T18:54:08.892498Z", "no_price": 82, "no_price_dollars": "0.8200", "price": 0.18, "taker_side": "yes", "ticker": "KXINXU-26MAR09H1600-T6799.9999", "trade_id": "79b2ac55-4045-734c-0ca8-f091d85bba58", "yes_price": 18, "yes_price_dollars": "0.1800"}
{"count": 13, "count_fp": "13.00", "created_time": "2026-03-07T18:53:12.340675Z", "no_price": 83, "no_price_dollars": "0.8300", "price": 0.17, "taker_side": "yes", "ticker": "KXINXU-26MAR09H1600-T6799.9999", "trade_id": "96537b5b-2afb-5342-7029-a9f4f7c053b4", "yes_price": 17, "yes_price_dollars": "0.1700"}
{"count": 14, "count_fp": "14.00", "created_time": "2026-03-07T18:51:50.48872Z", "no_price": 82, "no_price_dollars": "0.8200", "price": 0.18, "taker_side": "yes", "ticker": "KXINXU-26MAR09H1600-T6799.9999", "trade_id": "6bf02ea1-a68f-7f69-d51e-9366bfb3fef7", "yes_price": 18, "yes_price_dollars": "0.1800"}
{"count": 11, "count_fp": "11.00", "created_time": "2026-03-07T18:51:50.48872Z", "no_price": 81, "no_price_dollars": "0.8100", "price": 0.19, "taker_side": "yes", "ticker": "KXINXU-26MAR09H1600-T6799.9999", "trade_id": "32c21f9c-3447-76aa-f7a3-38c48aa33180", "yes_price": 19, "yes_price_dollars": "0.1900"}
{"count": 6, "count_fp": "6.00", "created_time": "2026-03-07T17:06:16.4102Z", "no_price": 77, "no_price_dollars": "0.7700", "price": 0.23, "taker_side": "yes", "ticker": "KXINXU-26MAR09H1600-T6799.9999", "trade_id": "3bb6cdcb-b8d4-72af-0359-e41d8eb4a836", "yes_price": 23, "yes_price_dollars": "0.2300"}
{"count": 2, "count_fp": "2.00", "created_time": "2026-03-07T16:08:33.067554Z", "no_price": 80, "no_price_dollars": "0.8000", "price": 0.2, "taker_side": "no", "ticker": "KXINXU-26MAR09H1600-T6799.9999", "trade_id": "e135390c-a560-7cbf-b599-d70f829ee2db", "yes_price": 20, "yes_price_dollars": "0.2000"}
{"count": 2, "count_fp": "2.00", "created_time": "2026-03-07T16:08:33.067554Z", "no_price": 80, "no_price_dollars": "0.8000", "price": 0.2, "taker_side": "no", "ticker": "KXINXU-26MAR09H1600-T6799.9999", "trade_id": "df30e706-db0f-7af8-a35d-f72cdd2e5ff2", "yes_price": 20, "yes_price_dollars": "0.2000"}
{"count": 2, "count_fp": "2.00", "created_time": "2026-03-07T16:08:33.067554Z", "no_price": 80, "no_price_dollars": "0.8000", "price": 0.2, "taker_side": "no", "ticker": "KXINXU-26MAR09H1600-T6799.9999", "trade_id": "d4afb49c-adfd-7cfa-ab76-3a0e0903b61d", "yes_price": 20, "yes_price_dollars": "0.2000"}
{"count": 2, "count_fp": "2.00", "created_time": "2026-03-07T16:08:33.067554Z", "no_price": 80, "no_price_dollars": "0.8000", "price": 0.2, "taker_side": "no", "ticker": "KXINXU-26MAR09H1600-T6799.9999", "trade_id": "b002cfcb-d9a9-726e-9773-a9cd3cb94cbe", "yes_price": 20, "yes_price_dollars": "0.2000"}
{"count": 2, "count_fp": "2.00", "created_time": "2026-03-07T16:08:33.067554Z", "no_price": 80, "no_price_dollars": "0.8000", "price": 0.2, "taker_side": "no", "ticker": "KXINXU-26MAR09H1600-T6799.9999", "trade_id": "a92997e6-3d45-7b8a-ae98-d941ad65e7f5", "yes_price": 20, "yes_price_dollars": "0.2000"}
{"count": 2, "count_fp": "2.00", "created_time": "2026-03-07T16:08:33.067554Z", "no_price": 80, "no_price_dollars": "0.8000", "price": 0.2, "taker_side": "no", "ticker": "KXINXU-26MAR09H1600-T6799.9999", "trade_id": "a25aa82d-a512-7180-a894-925a58b574bf", "yes_price": 20, "yes_price_dollars": "0.2000"}
{"count": 2, "count_fp": "2.00", "created_time": "2026-03-07T16:08:33.067554Z", "no_price": 80, "no_price_dollars": "0.8000", "price": 0.2, "taker_side": "no", "ticker": "KXINXU-26MAR09H1600-T6799.9999", "trade_id": "9fef08cc-fbd2-71b2-9b61-afc6c8d0c91b", "yes_price": 20, "yes_price_dollars": "0.2000"}
{"count": 2, "count_fp": "2.00", "created_time": "2026-03-07T16:08:33.067554Z", "no_price": 80, "no_price_dollars": "0.8000", "price": 0.2, "taker_side": "no", "ticker": "KXINXU-26MAR09H1600-T6799.9999", "trade_id": "9dcaa98e-0148-7fd2-a356-b066e948d7c2", "yes_price": 20, "yes_price_dollars": "0.2000"}
{"count": 2, "count_fp": "2.00", "created_time": "2026-03-07T16:08:33.067554Z", "no_price": 80, "no_price_dollars": "0.8000", "price": 0.2, "taker_side": "no", "ticker": "KXINXU-26MAR09H1600-T6799.9999", "trade_id": "9dc71632-16c9-7629-aec1-9cc5293ab8b7", "yes_price": 20, "yes_price_dollars": "0.2000"}
{"count": 2, "count_fp": "2.00", "created_time": "2026-03-07T16:08:33.067554Z", "no_price": 80, "no_price_dollars": "0.8000", "price": 0.2, "taker_side": "no", "ticker": "KXINXU-26MAR09H1600-T6799.9999", "trade_id": "8fc339f8-ace6-78bc-990f-f37081c3f870", "yes_price": 20, "yes_price_dollars": "0.2000"}
{"count": 2, "count_fp": "2.00", "created_time": "2026-03-07T16:08:33.067554Z", "no_price": 80, "no_price_dollars": "0.8000", "price": 0.2, "taker_side": "no", "ticker": "KXINXU-26MAR09H1600-T6799.9999", "trade_id": "8aea1c52-0a29-7487-96b4-e9a871027285", "yes_price": 20, "yes_price_dollars": "0.2000"}
{"count": 2, "count_fp": "2.00", "created_time": "2026-03-07T16:08:33.067554Z", "no_price": 80, "no_price_dollars": "0.8000", "price": 0.2, "taker_side": "no", "ticker": "KXINXU-26MAR09H1600-T6799.9999", "trade_id": "7f90f32e-bd66-7f56-80c6-5dcc322a9354", "yes_price": 20, "yes_price_dollars": "0.2000"}
{"count": 2, "count_fp": "2.00", "created_time": "2026-03-07T16:08:33.067554Z", "no_price": 80, "no_price_dollars": "0.8000", "price": 0.2, "taker_side": "no", "ticker": "KXINXU-26MAR09H1600-T6799.9999", "trade_id": "72d1b9c5-6b3f-7845-95c9-a22cda474810", "yes_price": 20, "yes_price_dollars": "0.2000"}
{"count": 2, "count_fp": "2.00", "created_time": "2026-03-07T16:08:33.067554Z", "no_price": 80, "no_price_dollars": "0.8000", "price": 0.2, "taker_side": "no", "ticker": "KXINXU-26MAR09H1600-T6799.9999", "trade_id": "08e80fb0-5507-751f-97b8-a04a28060de2", "yes_price": 20, "yes_price_dollars": "0.2000"}
{"count": 2, "count_fp": "2.00", "created_time": "2026-03-07T16:08:33.067554Z", "no_price": 80, "no_price_dollars": "0.8000", "price": 0.2, "taker_side": "no", "ticker": "KXINXU-26MAR09H1600-T6799.9999", "trade_id": "02d36d7f-5c86-766a-9a91-30743d438c9c", "yes_price": 20, "yes_price_dollars": "0.2000"}
{"count": 2, "count_fp": "2.00", "created_time": "2026-03-07T16:08:23.969248Z", "no_price": 66, "no_price_dollars": "0.6600", "price": 0.34, "taker_side": "no", "ticker": "KXINXU-26MAR09H1600-T6799.9999", "trade_id": "e3e6d77b-9977-50dc-bb96-0d005e5d73c4", "yes_price": 34, "yes_price_dollars": "0.3400"}
{"count": 30, "count_fp": "30.00", "created_time": "2026-03-07T16:08:11.63457Z", "no_price": 66, "no_price_dollars": "0.6600", "price": 0.34, "taker_side": "no", "ticker": "KXINXU-26MAR09H1600-T6799.9999", "trade_id": "38ce3cef-6d6a-7347-6fe1-76cdb5921000", "yes_price": 34, "yes_price_dollars": "0.3400"}
{"count": 31, "count_fp": "31.00", "created_time": "2026-03-07T16:08:01.442956Z", "no_price": 65, "no_price_dollars": "0.6500", "price": 0.35, "taker_side": "no", "ticker": "KXINXU-26MAR09H1600-T6799.9999", "trade_id": "e7353681-706f-5d11-dca3-703fc18c1884", "yes_price": 35, "yes_price_dollars": "0.3500"}
{"count": 13, "count_fp": "13.00", "created_time": "2026-03-07T16:08:01.442956Z", "no_price": 65, "no_price_dollars": "0.6500", "price": 0.35, "taker_side": "no", "ticker": "KXINXU-26MAR09H1600-T6799.9999", "trade_id": "434de2ea-ea95-5156-e8ac-775428bf9e50", "yes_price": 35, "yes_price_dollars": "0.3500"}
{"count": 14, "count_fp": "14.00", "created_time": "2026-03-07T16:07:46.556441Z", "no_price": 65, "no_price_dollars": "0.6500", "price": 0.35, "taker_side": "no", "ticker": "KXINXU-26MAR09H1600-T6799.9999", "trade_id": "9ace6b60-e054-43fa-930c-e6c7c73439c1", "yes_price": 35, "yes_price_dollars": "0.3500"}
{"count": 40, "count_fp": "40.00", "created_time": "2026-03-07T16:07:46.556441Z", "no_price": 65, "no_price_dollars": "0.6500", "price": 0.35, "taker_side": "no", "ticker": "KXINXU-26MAR09H1600-T6799.9999", "trade_id": "328c0ea1-f9de-46f6-bc11-3ad01fc0f569", "yes_price": 35, "yes_price_dollars": "0.3500"}
{"count": 2, "count_fp": "2.00", "created_time": "2026-03-07T16:07:23.092045Z", "no_price": 64, "no_price_dollars": "0.6400", "price": 0.36, "taker_side": "no", "ticker": "KXINXU-26MAR09H1600-T6799.9999", "trade_id": "8e9ba21b-de47-6165-0a60-0372fd7c51be", "yes_price": 36, "yes_price_dollars": "0.3600"}
{"count": 2, "count_fp": "2.00", "created_time": "2026-03-07T16:06:36.837654Z", "no_price": 64, "no_price_dollars": "0.6400", "price": 0.36, "taker_side": "no", "ticker": "KXINXU-26MAR09H1600-T6799.9999", "trade_id": "31fcbfb0-47e4-4701-43d9-97f67cb17c96", "yes_price": 36, "yes_price_dollars": "0.3600"}
{"count": 17, "count_fp": "17.00", "created_time": "2026-03-07T15:42:57.749773Z", "no_price": 56, "no_price_dollars": "0.5600", "price": 0.44, "taker_side": "yes", "ticker": "KXINXU-26MAR09H1600-T6799.9999", "trade_id": "86856bc7-b8bf-7d9d-8f20-398644560ed3", "yes_price": 44, "yes_price_dollars": "0.4400"}
{"count": 5, "count_fp": "5.00", "created_time": "2026-03-07T15:42:57.749773Z", "no_price": 57, "no_price_dollars": "0.5700", "price": 0.43, "taker_side": "yes", "ticker": "KXINXU-26MAR09H1600-T6799.9999", "trade_id": "75ce4d69-8d99-78de-8fed-002722684571", "yes_price": 43, "yes_price_dollars": "0.4300"}
{"count": 9, "count_fp": "9.00", "created_time": "2026-03-07T15:39:21.613751Z", "no_price": 57, "no_price_dollars": "0.5700", "price": 0.43, "taker_side": "yes", "ticker": "KXINXU-26MAR09H1600-T6799.9999", "trade_id": "984e7703-425c-5707-e75f-d174acd2ec4a", "yes_price": 43, "yes_price_dollars": "0.4300"}
{"count": 157, "count_fp": "157.00", "created_time": "2026-03-07T15:39:21.613751Z", "no_price": 56, "no_price_dollars": "0.5600", "price": 0.44, "taker_side": "yes", "ticker": "KXINXU-26MAR09H1600-T6799.9999", "trade_id": "506d407c-c8a3-5dfd-f121-1cd754e54093", "yes_price": 44, "yes_price_dollars": "0.4400"}
{"count": 11, "count_fp": "11.00", "created_time": "2026-03-07T15:39:21.613751Z", "no_price": 57, "no_price_dollars": "0.5700", "price": 0.43, "taker_side": "yes", "ticker": "KXINXU-26MAR09H1600-T6799.9999", "trade_id": "1cc934ea-34f7-5459-df8e-d24c7e2837c4", "yes_price": 43, "yes_price_dollars": "0.4300"}
{"count": 1, "count_fp": "1.00", "created_time": "2026-03-07T15:39:21.613751Z", "no_price": 57, "no_price_dollars": "0.5700", "price": 0.43, "taker_side": "yes", "ticker": "KXINXU-26MAR09H1600-T6799.9999", "trade_id": "0dbdb74c-be10-5679-eea7-73d9df89ac5e", "yes_price": 43, "yes_price_dollars": "0.4300"}
{"count": 11, "count_fp": "11.00", "created_time": "2026-03-07T15:18:51.945593Z", "no_price": 57, "no_price_dollars": "0.5700", "price": 0.43, "taker_side": "yes", "ticker": "KXINXU-26MAR09H1600-T6799.9999", "trade_id": "d928b7ec-af78-4f61-cac5-ba3bfca014f2", "yes_price": 43, "yes_price_dollars": "0.4300"}
{"count": 4, "count_fp": "4.00", "created_time": "2026-03-07T13:54:29.825499Z", "no_price": 60, "no_price_dollars": "0.6000", "price": 0.4, "taker_side": "no", "ticker": "KXINXU-26MAR09H1600-T6799.9999", "trade_id": "9533d8bf-2f02-752a-8fda-a84133ab79e1", "yes_price": 40, "yes_price_dollars": "0.4000"}
{"count": 28, "count_fp": "28.00", "created_time": "2026-03-07T13:54:29.825499Z", "no_price": 61, "no_price_dollars": "0.6100", "price": 0.39, "taker_side": "no", "ticker": "KXINXU-26MAR09H1600-T6799.9999", "trade_id": "90c2cca3-566b-760b-9994-f8800f2ae58b", "yes_price": 39, "yes_price_dollars": "0.3900"}
{"count": 11, "count_fp": "11.00", "created_time": "2026-03-07T13:31:40.514377Z", "no_price": 57, "no_price_dollars": "0.5700", "price": 0.43, "taker_side": "yes", "ticker": "KXINXU-26MAR09H1600-T6799.9999", "trade_id": "ec47387a-2a51-7e3c-7770-dcd43e3ec9cf", "yes_price": 43, "yes_price_dollars": "0.4300"}
{"count": 32, "count_fp": "32.00", "created_time": "2026-03-07T13:00:47.893126Z", "no_price": 58, "no_price_dollars": "0.5800", "price": 0.42, "taker_side": "yes", "ticker": "KXINXU-26MAR09H1600-T6799.9999", "trade_id": "5ea70f99-19f5-4adf-7c9e-bce436a815b6", "yes_price": 42, "yes_price_dollars": "0.4200"}
{"count": 3, "count_fp": "3.00", "created_time": "2026-03-07T13:00:02.798723Z", "no_price": 57, "no_price_dollars": "0.5700", "price": 0.43, "taker_side": "yes", "ticker": "KXINXU-26MAR09H1600-T6799.9999", "trade_id": "21580304-9b14-58da-2c2f-0ba73309bf17", "yes_price": 43, "yes_price_dollars": "0.4300"}
{"count": 12, "count_fp": "12.00", "created_time": "2026-03-07T12:58:33.861546Z", "no_price": 57, "no_price_dollars": "0.5700", "price": 0.43, "taker_side": "yes", "ticker": "KXINXU-26MAR09H1600-T6799.9999", "trade_id": "318690b0-271b-58f2-5cdf-6355bd04921f", "yes_price": 43, "yes_price_dollars": "0.4300"}
{"count": 10, "count_fp": "10.00", "created_time": "2026-03-07T12:00:02.219547Z", "no_price": 57, "no_price_dollars": "0.5700", "price": 0.43, "taker_side": "yes", "ticker": "KXINXU-26MAR09H1600-T6799.9999", "trade_id": "3a060f7b-ae19-6b26-7ea6-ef3daea11663", "yes_price": 43, "yes_price_dollars": "0.4300"}
{"count": 2, "count_fp": "2.00", "created_time": "2026-03-07T11:52:55.609841Z", "no_price": 56, "no_price_dollars": "0.5600", "price": 0.44, "taker_side": "yes", "ticker": "KXINXU-26MAR09H1600-T6799.9999", "trade_id": "7501f10a-142f-67b9-827f-43098f5a1efb", "yes_price": 44, "yes_price_dollars": "0.4400"}
{"count": 12, "count_fp": "12.00", "created_time": "2026-03-07T11:52:55.609841Z", "no_price": 57, "no_price_dollars": "0.5700", "price": 0.43, "taker_side": "yes", "ticker": "KXINXU-26MAR09H1600-T6799.9999", "trade_id": "504036ad-8223-6c10-9bd0-bdf71c54d059", "yes_price": 43, "yes_price_dollars": "0.4300"}
{"count": 8, "count_fp": "8.00", "created_time": "2026-03-07T11:52:55.609841Z", "no_price": 57, "no_price_dollars": "0.5700", "price": 0.43, "taker_side": "yes", "ticker": "KXINXU-26MAR09H1600-T6799.9999", "trade_id": "3a17e420-953e-67db-84d9-9ba422228ac4", "yes_price": 43, "yes_price_dollars": "0.4300"}
{"count": 12, "count_fp": "12.00", "created_time": "2026-03-07T10:28:56.514292Z", "no_price": 57, "no_price_dollars": "0.5700", "price": 0.43, "taker_side": "yes", "ticker": "KXINXU-26MAR09H1600-T6799.9999", "trade_id": "9af5e4f3-6090-57fd-8278-17c18a8468aa", "yes_price": 43, "yes_price_dollars": "0.4300"}
{"count": 1, "count_fp": "1.00", "created_time": "2026-03-07T10:28:56.514292Z", "no_price": 56, "no_price_dollars": "0.5600", "price": 0.44, "taker_side": "yes", "ticker": "KXINXU-26MAR09H1600-T6799.9999", "trade_id": "540b7c41-7bfb-5cb5-8b86-fd0e7197fdc7", "yes_price": 44, "yes_price_dollars": "0.4400"}
{"count": 6, "count_fp": "6.00", "created_time": "2026-03-07T10:06:22.255801Z", "no_price": 61, "no_price_dollars": "0.6100", "price": 0.39, "taker_side": "no", "ticker": "KXINXU-26MAR09H1600-T6799.9999", "trade_id": "7a4d7260-1723-42ce-5331-708012ce7a24", "yes_price": 39, "yes_price_dollars": "0.3900"}
{"count": 1, "count_fp": "1.00", "created_time": "2026-03-07T10:01:08.890343Z", "no_price": 59, "no_price_dollars": "0.5900", "price": 0.41, "taker_side": "no", "ticker": "KXINXU-26MAR09H1600-T6799.9999", "trade_id": "38e31948-a808-4531-73fa-e6e0dba2261b", "yes_price": 41, "yes_price_dollars": "0.4100"}
{"count": 7, "count_fp": "7.00", "created_time": "2026-03-07T07:44:32.557278Z", "no_price": 63, "no_price_dollars": "0.6300", "price": 0.37, "taker_side": "no", "ticker": "KXINXU-26MAR09H1600-T6799.9999", "trade_id": "109a8d8f-5897-509a-26a7-bb891ab2c284", "yes_price": 37, "yes_price_dollars": "0.3700"}
{"count": 11, "count_fp": "11.00", "created_time": "2026-03-07T07:34:28.088289Z", "no_price": 59, "no_price_dollars": "0.5900", "price": 0.41, "taker_side": "yes", "ticker": "KXINXU-26MAR09H1600-T6799.9999", "trade_id": "f9a97b23-5186-7596-bd47-091e8761fce7", "yes_price": 41, "yes_price_dollars": "0.4100"}
{"count": 3, "count_fp": "3.00", "created_time": "2026-03-07T07:34:27.595167Z", "no_price": 58, "no_price_dollars": "0.5800", "price": 0.42, "taker_side": "yes", "ticker": "KXINXU-26MAR09H1600-T6799.9999", "trade_id": "d4ca1ab9-360f-5475-6357-3a8252d6ca5d", "yes_price": 42, "yes_price_dollars": "0.4200"}
{"count": 18, "count_fp": "18.00", "created_time": "2026-03-07T07:14:33.03892Z", "no_price": 56, "no_price_dollars": "0.5600", "price": 0.44, "taker_side": "yes", "ticker": "KXINXU-26MAR09H1600-T6799.9999", "trade_id": "35f01bf8-edfb-475d-89b5-d894116daaaf", "yes_price": 44, "yes_price_dollars": "0.4400"}
{"count": 12, "count_fp": "12.00", "created_time": "2026-03-07T07:14:22.60954Z", "no_price": 57, "no_price_dollars": "0.5700", "price": 0.43, "taker_side": "yes", "ticker": "KXINXU-26MAR09H1600-T6799.9999", "trade_id": "ebec5a5a-5f91-5081-21ae-fe4af22b7bb3", "yes_price": 43, "yes_price_dollars": "0.4300"}
{"count": 12, "count_fp": "12.00", "created_time": "2026-03-07T06:48:03.403003Z", "no_price": 57, "no_price_dollars": "0.5700", "price": 0.43, "taker_side": "yes", "ticker": "KXINXU-26MAR09H1600-T6799.9999", "trade_id": "fd524d0a-39d0-5363-874d-6ae184e04596", "yes_price": 43, "yes_price_dollars": "0.4300"}
{"count": 11, "count_fp": "11.00", "created_time": "2026-03-07T06:48:03.403003Z", "no_price": 57, "no_price_dollars": "0.5700", "price": 0.43, "taker_side": "yes", "ticker": "KXINXU-26MAR09H1600-T6799.9999", "trade_id": "c2038ca3-8477-570d-b0b8-69d5c7a5a153", "yes_price": 43, "yes_price_dollars": "0.4300"}
{"count": 293, "count_fp": "293.00", "created_time": "2026-03-07T06:48:03.403003Z", "no_price": 56, "no_price_dollars": "0.5600", "price": 0.44, "taker_side": "yes", "ticker": "KXINXU-26MAR09H1600-T6799.9999", "trade_id": "af7ed46c-680f-5e99-a01a-301b61d8e9e7", "yes_price": 44, "yes_price_dollars": "0.4400"}
{"count": 19, "count_fp": "19.00", "created_time": "2026-03-07T06:48:03.403003Z", "no_price": 57, "no_price_dollars": "0.5700", "price": 0.43, "taker_side": "yes", "ticker": "KXINXU-26MAR09H1600-T6799.9999", "trade_id": "a35295ef-b9c6-51b3-af08-b4db097b10b1", "yes_price": 43, "yes_price_dollars": "0.4300"}
{"count": 23, "count_fp": "23.00", "created_time": "2026-03-07T05:28:53.407215Z", "no_price": 56, "no_price_dollars": "0.5600", "price": 0.44, "taker_side": "yes", "ticker": "KXINXU-26MAR09H1600-T6799.9999", "trade_id": "ce936507-bc38-592c-767c-083a90213dd9", "yes_price": 44, "yes_price_dollars": "0.4400"}
{"count": 1, "count_fp": "1.00", "created_time": "2026-03-07T05:28:53.407215Z", "no_price": 57, "no_price_dollars": "0.5700", "price": 0.43, "taker_side": "yes", "ticker": "KXINXU-26MAR09H1600-T6799.9999", "trade_id": "0f2c9563-cfd5-50f1-5b15-ebc3bcc69191", "yes_price": 43, "yes_price_dollars": "0.4300"}
{"count": 20, "count_fp": "20.00", "created_time": "2026-03-07T05:28:53.407215Z", "no_price": 56, "no_price_dollars": "0.5600", "price": 0.44, "taker_side": "yes", "ticker": "KXINXU-26MAR09H1600-T6799.9999", "trade_id": "0444b4c7-055f-5bbb-7dd4-30af2a2f5232", "yes_price": 44, "yes_price_dollars": "0.4400"}
{"count": 2, "count_fp": "2.00", "created_time": "2026-03-07T04:54:03.672831Z", "no_price": 72, "no_price_dollars": "0.7200", "price": 0.28, "taker_side": "no", "ticker": "KXINXU-26MAR09H1600-T6799.9999", "trade_id": "30cb3c58-d560-798e-6aa3-452138d36db4", "yes_price": 28, "yes_price_dollars": "0.2800"}
{"count": 1, "count_fp": "1.00", "created_time": "2026-03-07T04:45:09.755708Z", "no_price": 64, "no_price_dollars": "0.6400", "price": 0.36, "taker_side": "no", "ticker": "KXINXU-26MAR09H1600-T6799.9999", "trade_id": "f0ef1b7a-424a-4ad5-f2c9-e3055de34c05", "yes_price": 36, "yes_price_dollars": "0.3600"}
{"count": 6, "count_fp": "6.00", "created_time": "2026-03-07T04:33:05.71021Z", "no_price": 66, "no_price_dollars": "0.6600", "price": 0.34, "taker_side": "no", "ticker": "KXINXU-26MAR09H1600-T6799.9999", "trade_id": "aeed2b39-098f-4386-7025-459361e56450", "yes_price": 34, "yes_price_dollars": "0.3400"}
{"count": 4, "count_fp": "4.00", "created_time": "2026-03-07T04:33:05.71021Z", "no_price": 66, "no_price_dollars": "0.6600", "price": 0.34, "taker_side": "no", "ticker": "KXINXU-26MAR09H1600-T6799.9999", "trade_id": "3d621587-0345-4f18-6f0c-0ef09ea76c7b", "yes_price": 34, "yes_price_dollars": "0.3400"}
{"count": 1, "count_fp": "1.00", "created_time": "2026-03-07T04:09:16.909867Z", "no_price": 59, "no_price_dollars": "0.5900", "price": 0.41, "taker_side": "yes", "ticker": "KXINXU-26MAR09H1600-T6799.9999", "trade_id": "dd0fd4eb-0674-7ff6-7c36-47f8574c698d", "yes_price": 41, "yes_price_dollars": "0.4100"}
{"count": 1, "count_fp": "1.00", "created_time": "2026-03-07T04:09:16.909867Z", "no_price": 58, "no_price_dollars": "0.5800", "price": 0.42, "taker_side": "yes", "ticker": "KXINXU-26MAR09H1600-T6799.9999", "trade_id": "0137e4dc-c8f0-7d6a-7625-7e258aba0a1b", "yes_price": 42, "yes_price_dollars": "0.4200"}
{"count": 2, "count_fp": "2.00", "created_time": "2026-03-07T04:05:47.242974Z", "no_price": 58, "no_price_dollars": "0.5800", "price": 0.42, "taker_side": "yes", "ticker": "KXINXU-26MAR09H1600-T6799.9999", "trade_id": "fbde041a-abdc-4845-00d0-9de77690b772", "yes_price": 42, "yes_price_dollars": "0.4200"}
{"count": 49, "count_fp": "49.00", "created_time": "2026-03-07T04:05:47.242974Z", "no_price": 58, "no_price_dollars": "0.5800", "price": 0.42, "taker_side": "yes", "ticker": "KXINXU-26MAR09H1600-T6799.9999", "trade_id": "5cce9139-1fe0-49d6-2576-984cefa4c623", "yes_price": 42, "yes_price_dollars": "0.4200"}
{"count": 7, "count_fp": "7.00", "created_time": "2026-03-07T04:05:47.242974Z", "no_price": 59, "no_price_dollars": "0.5900", "price": 0.41, "taker_side": "yes", "ticker": "KXINXU-26MAR09H1600-T6799.9999", "trade_id": "2a97354a-facc-443d-1644-2db303ca8534", "yes_price": 41, "yes_price_dollars": "0.4100"}
{"count": 3, "count_fp": "3.00", "created_time": "2026-03-07T04:00:04.317229Z", "no_price": 75, "no_price_dollars": "0.7500", "price": 0.25, "taker_side": "no", "ticker": "KXINXU-26MAR09H1600-T6799.9999", "trade_id": "67e9b65f-dc6f-40f8-5aa2-b0d30dfb547e", "yes_price": 25, "yes_price_dollars": "0.2500"}
{"count": 97, "count_fp": "97.00", "created_time": "2026-03-07T02:23:42.717396Z", "no_price": 64, "no_price_dollars": "0.6400", "price": 0.36, "taker_side": "yes", "ticker": "KXINXU-26MAR09H1600-T6799.9999", "trade_id": "4508d3ed-b799-4f29-f85f-025d55a34438", "yes_price": 36, "yes_price_dollars": "0.3600"}
{"count": 6, "count_fp": "6.00", "created_time": "2026-03-07T02:23:42.717396Z", "no_price": 66, "no_price_dollars": "0.6600", "price": 0.34, "taker_side": "yes", "ticker": "KXINXU-26MAR09H1600-T6799.9999", "trade_id": "3d6fc5a7-50f0-4de4-c2bb-e6b13f2a6451", "yes_price": 34, "yes_price_dollars": "0.3400"}
{"count": 6, "count_fp": "6.00", "created_time": "2026-03-07T02:23:42.717396Z", "no_price": 65, "no_price_dollars": "0.6500", "price": 0.35, "taker_side": "yes", "ticker": "KXINXU-26MAR09H1600-T6799.9999", "trade_id": "1d80e70e-f0cf-41bd-d96d-f068b333c95e", "yes_price": 35, "yes_price_dollars": "0.3500"}
{"count": 2, "count_fp": "2.00", "created_time": "2026-03-07T02:13:32.817728Z", "no_price": 70, "no_price_dollars": "0.7000", "price": 0.3, "taker_side": "yes", "ticker": "KXINXU-26MAR09H1600-T6799.9999", "trade_id": "ffd587e8-455a-5837-7b1e-c14d192c9f28", "yes_price": 30, "yes_price_dollars": "0.3000"}
{"count": 2, "count_fp": "2.00", "created_time": "2026-03-07T02:13:32.817728Z", "no_price": 69, "no_price_dollars": "0.6900", "price": 0.31, "taker_side": "yes", "ticker": "KXINXU-26MAR09H1600-T6799.9999", "trade_id": "fa04e5f9-71fc-5111-4908-78b04b2cf195", "yes_price": 31, "yes_price_dollars": "0.3100"}
{"count": 2, "count_fp": "2.00", "created_time": "2026-03-07T02:13:32.817728Z", "no_price": 70, "no_price_dollars": "0.7000", "price": 0.3, "taker_side": "yes", "ticker": "KXINXU-26MAR09H1600-T6799.9999", "trade_id": "f2e9e25b-3c88-5e4e-4328-36e6c95b37e2", "yes_price": 30, "yes_price_dollars": "0.3000"}
{"count": 3, "count_fp": "3.00", "created_time": "2026-03-07T02:13:32.817728Z", "no_price": 64, "no_price_dollars": "0.6400", "price": 0.36, "taker_side": "yes", "ticker": "KXINXU-26MAR09H1600-T6799.9999", "trade_id": "ce31076f-321d-5f11-56ea-7b7cff4864e8", "yes_price": 36, "yes_price_dollars": "0.3600"}
{"count": 2, "count_fp": "2.00", "created_time": "2026-03-07T02:13:32.817728Z", "no_price": 70, "no_price_dollars": "0.7000", "price": 0.3, "taker_side": "yes", "ticker": "KXINXU-26MAR09H1600-T6799.9999", "trade_id": "bc9a458d-e891-54bf-7b61-ecb4ecec5a86", "yes_price": 30, "yes_price_dollars": "0.3000"}
{"count": 2, "count_fp": "2.00", "created_time": "2026-03-07T02:13:32.817728Z", "no_price": 70, "no_price_dollars": "0.7000", "price": 0.3, "taker_side": "yes", "ticker": "KXINXU-26MAR09H1600-T6799.9999", "trade_id": "b22b110d-14a9-5582-4b86-7f5d3a3d7a49", "yes_price": 30, "yes_price_dollars": "0.3000"}
{"count": 2, "count_fp": "2.00", "created_time": "2026-03-07T02:13:32.817728Z", "no_price": 70, "no_price_dollars": "0.7000", "price": 0.3, "taker_side": "yes", "ticker": "KXINXU-26MAR09H1600-T6799.9999", "trade_id": "84727dff-b08f-57a1-5df4-a3d915d5256e", "yes_price": 30, "yes_price_dollars": "0.3000"}
{"count": 7, "count_fp": "7.00", "created_time": "2026-03-07T02:13:32.817728Z", "no_price": 71, "no_price_dollars": "0.7100", "price": 0.29, "taker_side": "yes", "ticker": "KXINXU-26MAR09H1600-T6799.9999", "trade_id": "72fe2127-e08a-5948-4587-dafdac994139", "yes_price": 29, "yes_price_dollars": "0.2900"}
{"count": 2, "count_fp": "2.00", "created_time": "2026-03-07T02:13:32.817728Z", "no_price": 70, "no_price_dollars": "0.7000", "price": 0.3, "taker_side": "yes", "ticker": "KXINXU-26MAR09H1600-T6799.9999", "trade_id": "4efcfa5e-7c9f-5e8c-505b-3165422f2ddb", "yes_price": 30, "yes_price_dollars": "0.3000"}
{"count": 1, "count_fp": "1.00", "created_time": "2026-03-07T02:13:32.817728Z", "no_price": 72, "no_price_dollars": "0.7200", "price": 0.28, "taker_side": "yes", "ticker": "KXINXU-26MAR09H1600-T6799.9999", "trade_id": "3d914629-3460-56e8-6b06-3d78d1906863", "yes_price": 28, "yes_price_dollars": "0.2800"}
{"count": 2, "count_fp": "2.00", "created_time": "2026-03-07T02:13:32.817728Z", "no_price": 70, "no_price_dollars": "0.7000", "price": 0.3, "taker_side": "yes", "ticker": "KXINXU-26MAR09H1600-T6799.9999", "trade_id": "3d6ce932-87f9-59d2-6113-14e2bb93bbd5", "yes_price": 30, "yes_price_dollars": "0.3000"}
{"count": 2, "count_fp": "2.00", "created_time": "2026-03-07T02:13:32.817728Z", "no_price": 70, "no_price_dollars": "0.7000", "price": 0.3, "taker_side": "yes", "ticker": "KXINXU-26MAR09H1600-T6799.9999", "trade_id": "3bb5568e-ae22-5661-6988-847522831a14", "yes_price": 30, "yes_price_dollars": "0.3000"}
{"count": 2, "count_fp": "2.00", "created_time": "2026-03-07T02:13:32.817728Z", "no_price": 70, "no_price_dollars": "0.7000", "price": 0.3, "taker_side": "yes", "ticker": "KXINXU-26MAR09H1600-T6799.9999", "trade_id": "16dd55dd-ac36-52c7-5822-0c5117d45538", "yes_price": 30, "yes_price_dollars": "0.3000"}
{"count": 13, "count_fp": "13.00", "created_time": "2026-03-07T01:27:23.015032Z", "no_price": 77, "no_price_dollars": "0.7700", "price": 0.23, "taker_side": "no", "ticker": "KXINXU-26MAR09H1600-T6799.9999", "trade_id": "7d4c91d9-889f-769e-59bc-53ffc2f5733a", "yes_price": 23, "yes_price_dollars": "0.2300"}
{"count": 16, "count_fp": "16.00", "created_time": "2026-03-07T01:07:02.063701Z", "no_price": 71, "no_price_dollars": "0.7100", "price": 0.29, "taker_side": "yes", "ticker": "KXINXU-26MAR09H1600-T6799.9999", "trade_id": "d0c8643f-f5d3-6bb9-5e6a-c4e331754ea4", "yes_price": 29, "yes_price_dollars": "0.2900"}
{"count": 16, "count_fp": "16.00", "created_time": "2026-03-07T01:07:02.063701Z", "no_price": 71, "no_price_dollars": "0.7100", "price": 0.29, "taker_side": "yes", "ticker": "KXINXU-26MAR09H1600-T6799.9999", "trade_id": "2d646159-8d58-6a29-66bd-e8ec76376dc9", "yes_price": 29, "yes_price_dollars": "0.2900"}
{"count": 1, "count_fp": "1.00", "created_time": "2026-03-07T01:07:02.063701Z", "no_price": 72, "no_price_dollars": "0.7200", "price": 0.28, "taker_side": "yes", "ticker": "KXINXU-26MAR09H1600-T6799.9999", "trade_id": "1aa13352-45b2-6b3b-512e-36714a87a1ab", "yes_price": 28, "yes_price_dollars": "0.2800"}
{"count": 2, "count_fp": "2.00", "created_time": "2026-03-07T00:57:53.401189Z", "no_price": 72, "no_price_dollars": "0.7200", "price": 0.28, "taker_side": "yes", "ticker": "KXINXU-26MAR09H1600-T6799.9999", "trade_id": "9b46e3a4-535c-7542-6866-9e7c63e5398f", "yes_price": 28, "yes_price_dollars": "0.2800"}
{"count": 1, "count_fp": "1.00", "created_time": "2026-03-07T00:57:53.401189Z", "no_price": 71, "no_price_dollars": "0.7100", "price": 0.29, "taker_side": "yes", "ticker": "KXINXU-26MAR09H1600-T6799.9999", "trade_id": "4b16bec9-6300-7bc1-771f-003c699207c5", "yes_price": 29, "yes_price_dollars": "0.2900"}
{"count": 17, "count_fp": "17.00", "created_time": "2026-03-07T00:53:43.890059Z", "no_price": 79, "no_price_dollars": "0.7900", "price": 0.21, "taker_side": "no", "ticker": "KXINXU-26MAR09H1600-T6799.9999", "trade_id": "730d7012-918d-5532-1180-ff6874f74912", "yes_price": 21, "yes_price_dollars": "0.2100"}
{"count": 1, "count_fp": "1.00", "created_time": "2026-03-07T00:53:24.562652Z", "no_price": 79, "no_price_dollars": "0.7900", "price": 0.21, "taker_side": "no", "ticker": "KXINXU-26MAR09H1600-T6799.9999", "trade_id": "c267a2df-7cb4-684b-7076-2e0c1f9b09c5", "yes_price": 21, "yes_price_dollars": "0.2100"}
{"count": 21, "count_fp": "21.00", "created_time": "2026-03-07T00:53:24.562652Z", "no_price": 79, "no_price_dollars": "0.7900", "price": 0.21, "taker_side": "no", "ticker": "KXINXU-26MAR09H1600-T6799.9999", "trade_id": "0edc9e9f-5f64-62f4-5033-fd12cb021982", "yes_price": 21, "yes_price_dollars": "0.2100"}
{"count": 2, "count_fp": "2.00", "created_time": "2026-03-07T00:52:33.314983Z", "no_price": 78, "no_price_dollars": "0.7800", "price": 0.22, "taker_side": "no", "ticker": "KXINXU-26MAR09H1600-T6799.9999", "trade_id": "6f09f3f8-8d2b-7374-d48f-e2258f2efd35", "yes_price": 22, "yes_price_dollars": "0.2200"}
{"count": 2, "count_fp": "2.00", "created_time": "2026-03-07T00:49:35.049084Z", "no_price": 78, "no_price_dollars": "0.7800", "price": 0.22, "taker_side": "no", "ticker": "KXINXU-26MAR09H1600-T6799.9999", "trade_id": "e116edc0-5f9f-6f18-f62e-5692ec503dcd", "yes_price": 22, "yes_price_dollars": "0.2200"}
{"count": 203, "count_fp": "203.00", "created_time": "2026-03-07T18:40:47.299675Z", "no_price": 68, "no_price_dollars": "0.6800", "price": 0.32, "taker_side": "no", "ticker": "KXINXU-26MAR09H1600-T6749.9999", "trade_id": "5eadb049-c0e8-6954-cbe7-bf51ca52ea9b", "yes_price": 32, "yes_price_dollars": "0.3200"}
{"count": 4, "count_fp": "4.00", "created_time": "2026-03-07T17:17:35.499395Z", "no_price": 67, "no_price_dollars": "0.6700", "price": 0.33, "taker_side": "no", "ticker": "KXINXU-26MAR09H1600-T6749.9999", "trade_id": "0bcde70e-cd2c-7520-2175-0de1ce00e5eb", "yes_price": 33, "yes_price_dollars": "0.3300"}
{"count": 9, "count_fp": "9.00", "created_time": "2026-03-07T15:34:36.34954Z", "no_price": 67, "no_price_dollars": "0.6700", "price": 0.33, "taker_side": "no", "ticker": "KXINXU-26MAR09H1600-T6749.9999", "trade_id": "ec70d91e-696f-777e-013c-0e563c34aa35", "yes_price": 33, "yes_price_dollars": "0.3300"}
{"count": 136, "count_fp": "136.00", "created_time": "2026-03-07T15:34:36.34954Z", "no_price": 68, "no_price_dollars": "0.6800", "price": 0.32, "taker_side": "no", "ticker": "KXINXU-26MAR09H1600-T6749.9999", "trade_id": "48844096-af9c-7998-2b8b-dccaebb50973", "yes_price": 32, "yes_price_dollars": "0.3200"}
{"count": 13, "count_fp": "13.00", "created_time": "2026-03-07T12:52:19.959489Z", "no_price": 68, "no_price_dollars": "0.6800", "price": 0.32, "taker_side": "no", "ticker": "KXINXU-26MAR09H1600-T6749.9999", "trade_id": "a759e6e4-6ce4-4b64-f706-052873ada6cb", "yes_price": 32, "yes_price_dollars": "0.3200"}
{"count": 12, "count_fp": "12.00", "created_time": "2026-03-07T03:47:21.873703Z", "no_price": 68, "no_price_dollars": "0.6800", "price": 0.32, "taker_side": "no", "ticker": "KXINXU-26MAR09H1600-T6749.9999", "trade_id": "4f03ea35-1f34-5054-9d39-53aaf4a5bf5f", "yes_price": 32, "yes_price_dollars": "0.3200"}
{"count": 140, "count_fp": "140.00", "created_time": "2026-03-07T00:55:44.418964Z", "no_price": 68, "no_price_dollars": "0.6800", "price": 0.32, "taker_side": "no", "ticker": "KXINXU-26MAR09H1600-T6749.9999", "trade_id": "daca9931-f5b8-4a58-62f7-611ae2aeae7b", "yes_price": 32, "yes_price_dollars": "0.3200"}
{"count": 5, "count_fp": "5.00", "created_time": "2026-03-07T00:55:44.418964Z", "no_price": 67, "no_price_dollars": "0.6700", "price": 0.33, "taker_side": "no", "ticker": "KXINXU-26MAR09H1600-T6749.9999", "trade_id": "0a77f425-7e5c-42aa-6c0e-5cf26b88d7fb", "yes_price": 33, "yes_price_dollars": "0.3300"}
{"count": 15, "count_fp": "15.00", "created_time": "2026-03-07T18:29:33.43111Z", "no_price": 58, "no_price_dollars": "0.5800", "price": 0.42, "taker_side": "no", "ticker": "KXINXU-26MAR09H1600-T6724.9999", "trade_id": "907bf768-5f03-6cba-fa8b-b100fa955316", "yes_price": 42, "yes_price_dollars": "0.4200"}
{"count": 180, "count_fp": "180.00", "created_time": "2026-03-07T15:36:37.634205Z", "no_price": 55, "no_price_dollars": "0.5500", "price": 0.45, "taker_side": "no", "ticker": "KXINXU-26MAR09H1600-T6724.9999", "trade_id": "11430ea2-428f-6de4-be0f-6bd2628dd087", "yes_price": 45, "yes_price_dollars": "0.4500"}
{"count": 37, "count_fp": "37.00", "created_time": "2026-03-07T15:34:01.693611Z", "no_price": 55, "no_price_dollars": "0.5500", "price": 0.45, "taker_side": "no", "ticker": "KXINXU-26MAR09H1600-T6724.9999", "trade_id": "f9dd63ea-830f-4fd8-5313-b3ac6f2dd7cb", "yes_price": 45, "yes_price_dollars": "0.4500"}
{"count": 7, "count_fp": "7.00", "created_time": "2026-03-07T15:34:01.693611Z", "no_price": 53, "no_price_dollars": "0.5300", "price": 0.47, "taker_side": "no", "ticker": "KXINXU-26MAR09H1600-T6724.9999", "trade_id": "a8ccbb10-c9b8-4dcc-618b-97e0728528c8", "yes_price": 47, "yes_price_dollars": "0.4700"}
{"count": 137, "count_fp": "137.00", "created_time": "2026-03-07T15:34:01.693611Z", "no_price": 54, "no_price_dollars": "0.5400", "price": 0.46, "taker_side": "no", "ticker": "KXINXU-26MAR09H1600-T6724.9999", "trade_id": "5c19447f-645e-49a1-7fd2-838035f89fb0", "yes_price": 46, "yes_price_dollars": "0.4600"}
{"count": 24, "count_fp": "24.00", "created_time": "2026-03-07T12:52:18.452212Z", "no_price": 52, "no_price_dollars": "0.5200", "price": 0.48, "taker_side": "no", "ticker": "KXINXU-26MAR09H1600-T6724.9999", "trade_id": "c01c6f50-a04e-68cd-99b1-05d586f98114", "yes_price": 48, "yes_price_dollars": "0.4800"}
{"count": 59, "count_fp": "59.00", "created_time": "2026-03-07T08:05:20.235753Z", "no_price": 52, "no_price_dollars": "0.5200", "price": 0.48, "taker_side": "no", "ticker": "KXINXU-26MAR09H1600-T6724.9999", "trade_id": "e91c694f-fcaa-4911-af24-effd27e16898", "yes_price": 48, "yes_price_dollars": "0.4800"}
{"count": 5, "count_fp": "5.00", "created_time": "2026-03-07T08:05:20.235753Z", "no_price": 51, "no_price_dollars": "0.5100", "price": 0.49, "taker_side": "no", "ticker": "KXINXU-26MAR09H1600-T6724.9999", "trade_id": "e88279a0-b147-426f-95a6-d0b703903b18", "yes_price": 49, "yes_price_dollars": "0.4900"}
{"count": 5, "count_fp": "5.00", "created_time": "2026-03-07T05:17:20.35497Z", "no_price": 51, "no_price_dollars": "0.5100", "price": 0.49, "taker_side": "no", "ticker": "KXINXU-26MAR09H1600-T6724.9999", "trade_id": "693472e9-ab46-54fd-2c97-8b8f74323034", "yes_price": 49, "yes_price_dollars": "0.4900"}
{"count": 1, "count_fp": "1.00", "created_time": "2026-03-07T04:09:27.026484Z", "no_price": 26, "no_price_dollars": "0.2600", "price": 0.74, "taker_side": "yes", "ticker": "KXINXU-26MAR09H1600-T6724.9999", "trade_id": "db041b69-cd56-4ca0-c7e9-d820339e8616", "yes_price": 74, "yes_price_dollars": "0.7400"}
{"count": 1, "count_fp": "1.00", "created_time": "2026-03-07T04:12:10.541166Z", "no_price": 13, "no_price_dollars": "0.1300", "price": 0.87, "taker_side": "yes", "ticker": "KXINXU-26MAR09H1600-T6649.9999", "trade_id": "c5168b7d-90ba-5776-db1d-e395ca2be5f9", "yes_price": 87, "yes_price_dollars": "0.8700"}
{"count": 5, "count_fp": "5.00", "created_time": "2026-03-07T17:17:59.570767Z", "no_price": 10, "no_price_dollars": "0.1000", "price": 0.9, "taker_side": "yes", "ticker": "KXINXU-26MAR09H1600-T6624.9999", "trade_id": "066ae383-0525-52f8-6dc0-dcb9766ec784", "yes_price": 90, "yes_price_dollars": "0.9000"}
{"count": 1, "count_fp": "1.00", "created_time": "2026-03-07T15:27:05.608806Z", "no_price": 10, "no_price_dollars": "0.1000", "price": 0.9, "taker_side": "yes", "ticker": "KXINXU-26MAR09H1600-T6624.9999", "trade_id": "d3dd8809-fd6e-791a-2c0c-54c8c93a4f22", "yes_price": 90, "yes_price_dollars": "0.9000"}
{"count": 2, "count_fp": "2.00", "created_time": "2026-03-07T04:26:43.970773Z", "no_price": 19, "no_price_dollars": "0.1900", "price": 0.81, "taker_side": "yes", "ticker": "KXINXU-26MAR09H1600-T6624.9999", "trade_id": "da5d3d5f-f981-5d0c-a837-7a08493d947e", "yes_price": 81, "yes_price_dollars": "0.8100"}
{"count": 1, "count_fp": "1.00", "created_time": "2026-03-07T04:26:43.970773Z", "no_price": 18, "no_price_dollars": "0.1800", "price": 0.82, "taker_side": "yes", "ticker": "KXINXU-26MAR09H1600-T6624.9999", "trade_id": "8ce0ddc1-cf9c-5f7e-bad9-8697b88adbf7", "yes_price": 82, "yes_price_dollars": "0.8200"}
{"count": 57, "count_fp": "57.00", "created_time": "2026-03-07T04:26:43.970773Z", "no_price": 18, "no_price_dollars": "0.1800", "price": 0.82, "taker_side": "yes", "ticker": "KXINXU-26MAR09H1600-T6624.9999", "trade_id": "648ceb4d-4b5b-54ea-90dd-948be313dfd0", "yes_price": 82, "yes_price_dollars": "0.8200"}
{"count": 1, "count_fp": "1.00", "created_time": "2026-03-07T01:57:00.374763Z", "no_price": 15, "no_price_dollars": "0.1500", "price": 0.85, "taker_side": "yes", "ticker": "KXINXU-26MAR09H1600-T6624.9999", "trade_id": "2f526535-bf0e-4665-de02-b9443fcddd0c", "yes_price": 85, "yes_price_dollars": "0.8500"}
{"count": 1, "count_fp": "1.00", "created_time": "2026-03-07T01:56:50.37307Z", "no_price": 40, "no_price_dollars": "0.4000", "price": 0.6, "taker_side": "yes", "ticker": "KXINXU-26MAR09H1600-T6624.9999", "trade_id": "868cdc29-6d64-6737-3566-f2860750f517", "yes_price": 60, "yes_price_dollars": "0.6000"}
{"count": 1, "count_fp": "1.00", "created_time": "2026-03-07T10:21:04.381658Z", "no_price": 8, "no_price_dollars": "0.0800", "price": 0.92, "taker_side": "yes", "ticker": "KXINXU-26MAR09H1600-T6599.9999", "trade_id": "e0abd022-7918-7db2-400f-eb00085ce3dc", "yes_price": 92, "yes_price_dollars": "0.9200"}
{"count": 1, "count_fp": "1.00", "created_time": "2026-03-07T10:21:04.381658Z", "no_price": 19, "no_price_dollars": "0.1900", "price": 0.81, "taker_side": "yes", "ticker": "KXINXU-26MAR09H1600-T6599.9999", "trade_id": "75fb7bc9-56bf-7846-6b19-bec05f2f94c7", "yes_price": 81, "yes_price_dollars": "0.8100"}
{"count": 107, "count_fp": "107.00", "created_time": "2026-03-07T10:21:04.381658Z", "no_price": 19, "no_price_dollars": "0.1900", "price": 0.81, "taker_side": "yes", "ticker": "KXINXU-26MAR09H1600-T6599.9999", "trade_id": "0676d9d2-41d4-764a-64f5-af2e53ea119c", "yes_price": 81, "yes_price_dollars": "0.8100"}
{"count": 1, "count_fp": "1.00", "created_time": "2026-03-07T04:47:40.522171Z", "no_price": 18, "no_price_dollars": "0.1800", "price": 0.82, "taker_side": "yes", "ticker": "KXINXU-26MAR09H1600-T6599.9999", "trade_id": "5e57d40c-9b07-71af-f7e3-c99d90adb13c", "yes_price": 82, "yes_price_dollars": "0.8200"}
{"count": 85, "count_fp": "85.00", "created_time": "2026-03-07T04:47:40.522171Z", "no_price": 18, "no_price_dollars": "0.1800", "price": 0.82, "taker_side": "yes", "ticker": "KXINXU-26MAR09H1600-T6599.9999", "trade_id": "30fecc45-398f-742d-fbe9-24bd57b2ded8", "yes_price": 82, "yes_price_dollars": "0.8200"}
{"count": 1, "count_fp": "1.00", "created_time": "2026-03-07T04:20:01.238096Z", "no_price": 22, "no_price_dollars": "0.2200", "price": 0.78, "taker_side": "yes", "ticker": "KXINXU-26MAR09H1600-T6599.9999", "trade_id": "ef3259fa-0c70-40d6-16f2-0b3b16ddf035", "yes_price": 78, "yes_price_dollars": "0.7800"}
{"count": 1, "count_fp": "1.00", "created_time": "2026-03-07T04:12:10.767545Z", "no_price": 19, "no_price_dollars": "0.1900", "price": 0.81, "taker_side": "yes", "ticker": "KXINXU-26MAR09H1600-T6599.9999", "trade_id": "9fb66626-238b-63ec-2202-4c5a2c00e5c8", "yes_price": 81, "yes_price_dollars": "0.8100"}
{"count": 1, "count_fp": "1.00", "created_time": "2026-03-07T13:27:22.349554Z", "no_price": 21, "no_price_dollars": "0.2100", "price": 0.79, "taker_side": "yes", "ticker": "KXINXU-26MAR09H1600-T6574.9999", "trade_id": "db79c851-8d94-4ddb-cf7e-e15314208c0d", "yes_price": 79, "yes_price_dollars": "0.7900"}
{"count": 1, "count_fp": "1.00", "created_time": "2026-03-07T10:19:59.255667Z", "no_price": 8, "no_price_dollars": "0.0800", "price": 0.92, "taker_side": "yes", "ticker": "KXINXU-26MAR09H1600-T6574.9999", "trade_id": "733ee434-ee3a-4149-2d72-57ba109595df", "yes_price": 92, "yes_price_dollars": "0.9200"}
{"count": 1, "count_fp": "1.00", "created_time": "2026-03-07T10:19:59.255667Z", "no_price": 19, "no_price_dollars": "0.1900", "price": 0.81, "taker_side": "yes", "ticker": "KXINXU-26MAR09H1600-T6574.9999", "trade_id": "2eaef183-6148-4503-3509-9db5e4ec87f0", "yes_price": 81, "yes_price_dollars": "0.8100"}
{"count": 1, "count_fp": "1.00", "created_time": "2026-03-07T06:40:26.357174Z", "no_price": 19, "no_price_dollars": "0.1900", "price": 0.81, "taker_side": "yes", "ticker": "KXINXU-26MAR09H1600-T6574.9999", "trade_id": "db4ea917-da29-574f-9854-e6b5ba173361", "yes_price": 81, "yes_price_dollars": "0.8100"}
{"count": 1, "count_fp": "1.00", "created_time": "2026-03-07T06:40:26.357174Z", "no_price": 8, "no_price_dollars": "0.0800", "price": 0.92, "taker_side": "yes", "ticker": "KXINXU-26MAR09H1600-T6574.9999", "trade_id": "ade50b56-51f8-55cc-8ca9-a3e3a8acbde4", "yes_price": 92, "yes_price_dollars": "0.9200"}
{"count": 90, "count_fp": "90.00", "created_time": "2026-03-07T06:40:26.357174Z", "no_price": 8, "no_price_dollars": "0.0800", "price": 0.92, "taker_side": "yes", "ticker": "KXINXU-26MAR09H1600-T6574.9999", "trade_id": "78236920-c7d8-5351-8a21-76f1a808dbe4", "yes_price": 92, "yes_price_dollars": "0.9200"}
{"count": 1, "count_fp": "1.00", "created_time": "2026-03-07T04:52:20.639337Z", "no_price": 18, "no_price_dollars": "0.1800", "price": 0.82, "taker_side": "yes", "ticker": "KXINXU-26MAR09H1600-T6574.9999", "trade_id": "13ec320d-37a1-7a57-5325-9619f51db95c", "yes_price": 82, "yes_price_dollars": "0.8200"}
{"count": 1, "count_fp": "1.00", "created_time": "2026-03-07T04:51:47.727253Z", "no_price": 20, "no_price_dollars": "0.2000", "price": 0.8, "taker_side": "yes", "ticker": "KXINXU-26MAR09H1600-T6574.9999", "trade_id": "f7a0c06d-65ab-6a3f-4bce-ec4b0230ae6e", "yes_price": 80, "yes_price_dollars": "0.8000"}
{"count": 1, "count_fp": "1.00", "created_time": "2026-03-07T13:27:04.592883Z", "no_price": 16, "no_price_dollars": "0.1600", "price": 0.84, "taker_side": "yes", "ticker": "KXINXU-26MAR09H1600-T6549.9999", "trade_id": "6de2659c-7f8b-45f6-862e-4b69f29cb2c9", "yes_price": 84, "yes_price_dollars": "0.8400"}
{"count": 1, "count_fp": "1.00", "created_time": "2026-03-07T10:22:00.555781Z", "no_price": 8, "no_price_dollars": "0.0800", "price": 0.92, "taker_side": "yes", "ticker": "KXINXU-26MAR09H1600-T6549.9999", "trade_id": "c15fccef-6536-652b-80f1-c7f92526da14", "yes_price": 92, "yes_price_dollars": "0.9200"}
{"count": 1, "count_fp": "1.00", "created_time": "2026-03-07T10:22:00.555781Z", "no_price": 16, "no_price_dollars": "0.1600", "price": 0.84, "taker_side": "yes", "ticker": "KXINXU-26MAR09H1600-T6549.9999", "trade_id": "6f1d2511-2a20-6ec2-a3d6-ba09e0935e86", "yes_price": 84, "yes_price_dollars": "0.8400"}
{"count": 1, "count_fp": "1.00", "created_time": "2026-03-07T09:42:11.833021Z", "no_price": 16, "no_price_dollars": "0.1600", "price": 0.84, "taker_side": "yes", "ticker": "KXINXU-26MAR09H1600-T6549.9999", "trade_id": "9d02a22a-b0c3-5b27-da81-f2b360dd97da", "yes_price": 84, "yes_price_dollars": "0.8400"}
{"count": 85, "count_fp": "85.00", "created_time": "2026-03-07T09:42:11.833021Z", "no_price": 16, "no_price_dollars": "0.1600", "price": 0.84, "taker_side": "yes", "ticker": "KXINXU-26MAR09H1600-T6549.9999", "trade_id": "07fa3d81-8d7d-5ed9-d9cd-f8649285c6f4", "yes_price": 84, "yes_price_dollars": "0.8400"}
{"count": 1, "count_fp": "1.00", "created_time": "2026-03-07T07:39:34.739969Z", "no_price": 20, "no_price_dollars": "0.2000", "price": 0.8, "taker_side": "no", "ticker": "KXINXU-26MAR09H1600-T6549.9999", "trade_id": "4e0c9ec0-163a-75ad-da03-0df0c165625f", "yes_price": 80, "yes_price_dollars": "0.8000"}
{"count": 1, "count_fp": "1.00", "created_time": "2026-03-07T07:01:30.046483Z", "no_price": 16, "no_price_dollars": "0.1600", "price": 0.84, "taker_side": "yes", "ticker": "KXINXU-26MAR09H1600-T6549.9999", "trade_id": "ff970fc5-d260-4c4e-3987-1d993f68123f", "yes_price": 84, "yes_price_dollars": "0.8400"}
{"count": 1, "count_fp": "1.00", "created_time": "2026-03-07T07:01:30.046483Z", "no_price": 8, "no_price_dollars": "0.0800", "price": 0.92, "taker_side": "yes", "ticker": "KXINXU-26MAR09H1600-T6549.9999", "trade_id": "d45d2f8a-742c-477c-1df8-3f8a1bcd8d16", "yes_price": 92, "yes_price_dollars": "0.9200"}
{"count": 121, "count_fp": "121.00", "created_time": "2026-03-07T07:01:30.046483Z", "no_price": 8, "no_price_dollars": "0.0800", "price": 0.92, "taker_side": "yes", "ticker": "KXINXU-26MAR09H1600-T6549.9999", "trade_id": "66e2eaf8-6929-4c89-3ab3-b0de93225939", "yes_price": 92, "yes_price_dollars": "0.9200"}
{"count": 1, "count_fp": "1.00", "created_time": "2026-03-07T05:07:35.302189Z", "no_price": 18, "no_price_dollars": "0.1800", "price": 0.82, "taker_side": "yes", "ticker": "KXINXU-26MAR09H1600-T6549.9999", "trade_id": "ec5e54df-6c6b-4faa-7f94-59fd4400ca16", "yes_price": 82, "yes_price_dollars": "0.8200"}
{"count": 1, "count_fp": "1.00", "created_time": "2026-03-07T05:04:54.547607Z", "no_price": 20, "no_price_dollars": "0.2000", "price": 0.8, "taker_side": "yes", "ticker": "KXINXU-26MAR09H1600-T6549.9999", "trade_id": "a9e670b7-2c04-4490-6aff-83c8dac408c9", "yes_price": 80, "yes_price_dollars": "0.8000"}
{"count": 1, "count_fp": "1.00", "created_time": "2026-03-07T13:26:45.09052Z", "no_price": 19, "no_price_dollars": "0.1900", "price": 0.81, "taker_side": "yes", "ticker": "KXINXU-26MAR09H1600-T6524.9999", "trade_id": "9ec6f0a2-4a8b-4434-a035-866b07d76790", "yes_price": 81, "yes_price_dollars": "0.8100"}
{"count": 1, "count_fp": "1.00", "created_time": "2026-03-07T10:21:38.51069Z", "no_price": 8, "no_price_dollars": "0.0800", "price": 0.92, "taker_side": "yes", "ticker": "KXINXU-26MAR09H1600-T6524.9999", "trade_id": "8a32d6a7-9074-4871-46ba-1c5a50183705", "yes_price": 92, "yes_price_dollars": "0.9200"}
{"count": 1, "count_fp": "1.00", "created_time": "2026-03-07T10:21:38.51069Z", "no_price": 19, "no_price_dollars": "0.1900", "price": 0.81, "taker_side": "yes", "ticker": "KXINXU-26MAR09H1600-T6524.9999", "trade_id": "321391f8-9927-4486-6e60-66a2d9cc2078", "yes_price": 81, "yes_price_dollars": "0.8100"}
{"count": 29, "count_fp": "29.00", "created_time": "2026-03-07T06:01:49.494269Z", "no_price": 1, "no_price_dollars": "0.0100", "price": 0.99, "taker_side": "yes", "ticker": "KXINXU-26MAR09H1600-T6524.9999", "trade_id": "bce00a52-3ae6-67ae-9884-8f557fc2df8a", "yes_price": 99, "yes_price_dollars": "0.9900"}
{"count": 19, "count_fp": "19.00", "created_time": "2026-03-07T06:01:45.273141Z", "no_price": 1, "no_price_dollars": "0.0100", "price": 0.99, "taker_side": "yes", "ticker": "KXINXU-26MAR09H1600-T6524.9999", "trade_id": "13670d26-ce8a-42d6-872e-66c3b7da4fba", "yes_price": 99, "yes_price_dollars": "0.9900"}
{"count": 1, "count_fp": "1.00", "created_time": "2026-03-07T06:01:40.865976Z", "no_price": 8, "no_price_dollars": "0.0800", "price": 0.92, "taker_side": "yes", "ticker": "KXINXU-26MAR09H1600-T6524.9999", "trade_id": "5163e65d-922e-4de1-4e0f-38ac608229d0", "yes_price": 92, "yes_price_dollars": "0.9200"}
{"count": 1, "count_fp": "1.00", "created_time": "2026-03-07T06:01:37.238052Z", "no_price": 19, "no_price_dollars": "0.1900", "price": 0.81, "taker_side": "yes", "ticker": "KXINXU-26MAR09H1600-T6524.9999", "trade_id": "f532c4e9-17f8-7104-dadf-ec7f8c3f8234", "yes_price": 81, "yes_price_dollars": "0.8100"}
{"count": 100, "count_fp": "100.00", "created_time": "2026-03-07T13:44:34.719552Z", "no_price": 1, "no_price_dollars": "0.0100", "price": 0.99, "taker_side": "yes", "ticker": "KXINXU-26MAR09H1600-T6499.9999", "trade_id": "aa75dce9-8a2d-7f88-0456-ede1c6fb520d", "yes_price": 99, "yes_price_dollars": "0.9900"}
{"count": 1, "count_fp": "1.00", "created_time": "2026-03-07T13:26:25.857458Z", "no_price": 21, "no_price_dollars": "0.2100", "price": 0.79, "taker_side": "yes", "ticker": "KXINXU-26MAR09H1600-T6499.9999", "trade_id": "fba366ab-dc51-6f26-b3cb-7971ef6ef667", "yes_price": 79, "yes_price_dollars": "0.7900"}
{"count": 24, "count_fp": "24.00", "created_time": "2026-03-07T13:01:29.332094Z", "no_price": 20, "no_price_dollars": "0.2000", "price": 0.8, "taker_side": "yes", "ticker": "KXINXU-26MAR09H1600-T6499.9999", "trade_id": "8f74e1a5-ee2f-43a8-c40f-b34420e04319", "yes_price": 80, "yes_price_dollars": "0.8000"}
{"count": 1, "count_fp": "1.00", "created_time": "2026-03-07T13:01:29.332094Z", "no_price": 19, "no_price_dollars": "0.1900", "price": 0.81, "taker_side": "yes", "ticker": "KXINXU-26MAR09H1600-T6499.9999", "trade_id": "3e260951-6ba8-4b5f-d6a2-52102d7e6033", "yes_price": 81, "yes_price_dollars": "0.8100"}
{"count": 1, "count_fp": "1.00", "created_time": "2026-03-07T12:48:08.977975Z", "no_price": 19, "no_price_dollars": "0.1900", "price": 0.81, "taker_side": "yes", "ticker": "KXINXU-26MAR09H1600-T6499.9999", "trade_id": "3bf21af3-0e55-52a2-e1e3-a448deafc8a8", "yes_price": 81, "yes_price_dollars": "0.8100"}
{"count": 114, "count_fp": "114.00", "created_time": "2026-03-07T12:48:08.977975Z", "no_price": 19, "no_price_dollars": "0.1900", "price": 0.81, "taker_side": "yes", "ticker": "KXINXU-26MAR09H1600-T6499.9999", "trade_id": "0b42a304-378f-51da-e950-25e59b542c14", "yes_price": 81, "yes_price_dollars": "0.8100"}
{"count": 95, "count_fp": "95.00", "created_time": "2026-03-07T11:29:24.971897Z", "no_price": 9, "no_price_dollars": "0.0900", "price": 0.91, "taker_side": "yes", "ticker": "KXINXU-26MAR09H1600-T6499.9999", "trade_id": "174b82c2-859b-62bf-71b1-8868990ce693", "yes_price": 91, "yes_price_dollars": "0.9100"}
{"count": 1, "count_fp": "1.00", "created_time": "2026-03-07T11:29:24.971897Z", "no_price": 9, "no_price_dollars": "0.0900", "price": 0.91, "taker_side": "yes", "ticker": "KXINXU-26MAR09H1600-T6499.9999", "trade_id": "0b62084e-174b-6ef6-4aa7-e893b8a75097", "yes_price": 91, "yes_price_dollars": "0.9100"}
{"count": 200, "count_fp": "200.00", "created_time": "2026-03-07T01:07:31.966206Z", "no_price": 15, "no_price_dollars": "0.1500", "price": 0.85, "taker_side": "no", "ticker": "KXINXU-26MAR09H1600-T6499.9999", "trade_id": "97968617-8043-4b6d-b2ab-a893dc42c4c6", "yes_price": 85, "yes_price_dollars": "0.8500"}
{"count": 1, "count_fp": "1.00", "created_time": "2026-03-07T13:44:25.534618Z", "no_price": 6, "no_price_dollars": "0.0600", "price": 0.94, "taker_side": "yes", "ticker": "KXINXU-26MAR09H1600-T6474.9999", "trade_id": "0284f9ce-b8af-5bcc-0dd0-34be471cb5a5", "yes_price": 94, "yes_price_dollars": "0.9400"}
{"count": 1, "count_fp": "1.00", "created_time": "2026-03-07T13:26:01.154007Z", "no_price": 11, "no_price_dollars": "0.1100", "price": 0.89, "taker_side": "yes", "ticker": "KXINXU-26MAR09H1600-T6474.9999", "trade_id": "c20ce958-2fb1-582c-b53a-dabf6990a367", "yes_price": 89, "yes_price_dollars": "0.8900"}
{"count": 1, "count_fp": "1.00", "created_time": "2026-03-07T13:01:09.049318Z", "no_price": 6, "no_price_dollars": "0.0600", "price": 0.94, "taker_side": "yes", "ticker": "KXINXU-26MAR09H1600-T6474.9999", "trade_id": "bef5ad01-2e99-4eff-c445-198e13a01028", "yes_price": 94, "yes_price_dollars": "0.9400"}
{"count": 24, "count_fp": "24.00", "created_time": "2026-03-07T13:01:09.049318Z", "no_price": 7, "no_price_dollars": "0.0700", "price": 0.93, "taker_side": "yes", "ticker": "KXINXU-26MAR09H1600-T6474.9999", "trade_id": "6717d5c2-5260-486f-f41c-89113297ca1e", "yes_price": 93, "yes_price_dollars": "0.9300"}
{"count": 1, "count_fp": "1.00", "created_time": "2026-03-07T13:01:09.049318Z", "no_price": 9, "no_price_dollars": "0.0900", "price": 0.91, "taker_side": "yes", "ticker": "KXINXU-26MAR09H1600-T6474.9999", "trade_id": "4d3826c0-9ca3-40df-f811-42bd1e0351d8", "yes_price": 91, "yes_price_dollars": "0.9100"}
{"count": 112, "count_fp": "112.00", "created_time": "2026-03-07T12:46:51.812639Z", "no_price": 6, "no_price_dollars": "0.0600", "price": 0.94, "taker_side": "yes", "ticker": "KXINXU-26MAR09H1600-T6474.9999", "trade_id": "fe454de2-25b5-5cf7-058d-ee0819b560b0", "yes_price": 94, "yes_price_dollars": "0.9400"}
{"count": 1, "count_fp": "1.00", "created_time": "2026-03-07T12:46:51.812639Z", "no_price": 9, "no_price_dollars": "0.0900", "price": 0.91, "taker_side": "yes", "ticker": "KXINXU-26MAR09H1600-T6474.9999", "trade_id": "beb26e38-b11f-5865-33af-367352ef2ff5", "yes_price": 91, "yes_price_dollars": "0.9100"}
{"count": 3, "count_fp": "3.00", "created_time": "2026-03-07T12:46:08.366804Z", "no_price": 9, "no_price_dollars": "0.0900", "price": 0.91, "taker_side": "yes", "ticker": "KXINXU-26MAR09H1600-T6474.9999", "trade_id": "3d3ebe00-65cb-7dc1-2249-c1b0c17765a9", "yes_price": 91, "yes_price_dollars": "0.9100"}
{"count": 1, "count_fp": "1.00", "created_time": "2026-03-07T10:54:58.484961Z", "no_price": 8, "no_price_dollars": "0.0800", "price": 0.92, "taker_side": "yes", "ticker": "KXINXU-26MAR09H1600-T6474.9999", "trade_id": "1f564302-def4-4362-2761-4c81b573731d", "yes_price": 92, "yes_price_dollars": "0.9200"}
{"count": 1, "count_fp": "1.00", "created_time": "2026-03-07T10:54:51.354669Z", "no_price": 12, "no_price_dollars": "0.1200", "price": 0.88, "taker_side": "yes", "ticker": "KXINXU-26MAR09H1600-T6474.9999", "trade_id": "f9d4a3fe-3bb6-6e44-7320-2a56ba2a0870", "yes_price": 88, "yes_price_dollars": "0.8800"}
{"count": 1, "count_fp": "1.00", "created_time": "2026-03-07T07:39:34.741136Z", "no_price": 9, "no_price_dollars": "0.0900", "price": 0.91, "taker_side": "yes", "ticker": "KXINXU-26MAR09H1600-T6474.9999", "trade_id": "98502ce6-35aa-57aa-c06f-a4ad35f8bada", "yes_price": 91, "yes_price_dollars": "0.9100"}
{"count": 1, "count_fp": "1.00", "created_time": "2026-03-07T10:54:41.628807Z", "no_price": 6, "no_price_dollars": "0.0600", "price": 0.94, "taker_side": "yes", "ticker": "KXINXU-26MAR09H1600-T6449.9999", "trade_id": "c2335325-4026-48e4-0934-05e1c4068c8b", "yes_price": 94, "yes_price_dollars": "0.9400"}
{"count": 2, "count_fp": "2.00", "created_time": "2026-03-07T02:07:17.402868Z", "no_price": 14, "no_price_dollars": "0.1400", "price": 0.86, "taker_side": "yes", "ticker": "KXINXU-26MAR09H1600-T6449.9999", "trade_id": "f75ce2c3-c1e0-7686-0b6c-4583cb103330", "yes_price": 86, "yes_price_dollars": "0.8600"}
{"count": 1, "count_fp": "1.00", "created_time": "2026-03-07T02:07:17.402868Z", "no_price": 14, "no_price_dollars": "0.1400", "price": 0.86, "taker_side": "yes", "ticker": "KXINXU-26MAR09H1600-T6449.9999", "trade_id": "d0308c88-f135-73a2-3838-03ccbea3f017", "yes_price": 86, "yes_price_dollars": "0.8600"}
{"count": 5, "count_fp": "5.00", "created_time": "2026-03-07T01:03:35.562169Z", "no_price": 5, "no_price_dollars": "0.0500", "price": 0.95, "taker_side": "no", "ticker": "KXINXU-26MAR09H1600-T6449.9999", "trade_id": "e909f1c0-59d2-4a50-c377-6862273c6b0d", "yes_price": 95, "yes_price_dollars": "0.9500"}
{"count": 500, "count_fp": "500.00", "created_time": "2026-03-07T11:16:25.781565Z", "no_price": 1, "no_price_dollars": "0.0100", "price": 0.99, "taker_side": "no", "ticker": "KXINXU-26MAR09H1600-T6249.9999", "trade_id": "8720037c-4bd0-4d73-e155-cdf9d5d7f666", "yes_price": 99, "yes_price_dollars": "0.9900"}
{"count": 7, "count_fp": "7.00", "created_time": "2026-03-07T22:23:16.028574Z", "no_price": 38, "no_price_dollars": "0.3800", "price": 0.62, "taker_side": "yes", "ticker": "KXINXPOS-26DEC31H1900-T6845.5", "trade_id": "9737acd6-aece-6041-18f3-d889f30f9355", "yes_price": 62, "yes_price_dollars": "0.6200"}
{"count": 159, "count_fp": "159.00", "created_time": "2026-03-07T22:08:53.033677Z", "no_price": 38, "no_price_dollars": "0.3800", "price": 0.62, "taker_side": "yes", "ticker": "KXINXPOS-26DEC31H1900-T6845.5", "trade_id": "fc86b127-cc16-5255-8dbe-eb50362879e1", "yes_price": 62, "yes_price_dollars": "0.6200"}
{"count": 22, "count_fp": "22.00", "created_time": "2026-03-07T21:34:09.717392Z", "no_price": 42, "no_price_dollars": "0.4200", "price": 0.58, "taker_side": "no", "ticker": "KXINXPOS-26DEC31H1900-T6845.5", "trade_id": "2ceefb3b-afd2-75b9-8599-005efacb0aaa", "yes_price": 58, "yes_price_dollars": "0.5800"}
{"count": 1, "count_fp": "1.00", "created_time": "2026-03-07T21:34:09.717392Z", "no_price": 41, "no_price_dollars": "0.4100", "price": 0.59, "taker_side": "no", "ticker": "KXINXPOS-26DEC31H1900-T6845.5", "trade_id": "10b091b8-ff37-7d7b-9237-1bedf586a6ba", "yes_price": 59, "yes_price_dollars": "0.5900"}
{"count": 2, "count_fp": "2.00", "created_time": "2026-03-07T20:04:28.216091Z", "no_price": 38, "no_price_dollars": "0.3800", "price": 0.62, "taker_side": "yes", "ticker": "KXINXPOS-26DEC31H1900-T6845.5", "trade_id": "0ac12dfc-876e-5ad1-d314-848c0c129da9", "yes_price": 62, "yes_price_dollars": "0.6200"}
{"count": 7, "count_fp": "7.00", "created_time": "2026-03-07T18:50:25.075515Z", "no_price": 38, "no_price_dollars": "0.3800", "price": 0.62, "taker_side": "yes", "ticker": "KXINXPOS-26DEC31H1900-T6845.5", "trade_id": "a681e45f-64e2-7c65-c05f-2528239f571d", "yes_price": 62, "yes_price_dollars": "0.6200"}
{"count": 1, "count_fp": "1.00", "created_time": "2026-03-07T18:18:05.844322Z", "no_price": 41, "no_price_dollars": "0.4100", "price": 0.59, "taker_side": "no", "ticker": "KXINXPOS-26DEC31H1900-T6845.5", "trade_id": "6360f284-a86c-609c-458d-61f6d2d64c83", "yes_price": 59, "yes_price_dollars": "0.5900"}
{"count": 23, "count_fp": "23.00", "created_time": "2026-03-07T15:36:44.844376Z", "no_price": 38, "no_price_dollars": "0.3800", "price": 0.62, "taker_side": "yes", "ticker": "KXINXPOS-26DEC31H1900-T6845.5", "trade_id": "17a06b31-f5ae-6d25-2a4b-4d3922ac763d", "yes_price": 62, "yes_price_dollars": "0.6200"}
{"count": 15, "count_fp": "15.00", "created_time": "2026-03-07T15:19:45.127244Z", "no_price": 38, "no_price_dollars": "0.3800", "price": 0.62, "taker_side": "yes", "ticker": "KXINXPOS-26DEC31H1900-T6845.5", "trade_id": "e8a5555d-52e2-7bbd-909f-8ad869a0d7a1", "yes_price": 62, "yes_price_dollars": "0.6200"}
{"count": 2, "count_fp": "2.00", "created_time": "2026-03-07T15:18:41.582216Z", "no_price": 39, "no_price_dollars": "0.3900", "price": 0.61, "taker_side": "yes", "ticker": "KXINXPOS-26DEC31H1900-T6845.5", "trade_id": "dac61782-03ad-7d27-e8a3-d16061cd3004", "yes_price": 61, "yes_price_dollars": "0.6100"}
{"count": 1, "count_fp": "1.00", "created_time": "2026-03-07T15:18:41.582216Z", "no_price": 39, "no_price_dollars": "0.3900", "price": 0.61, "taker_side": "yes", "ticker": "KXINXPOS-26DEC31H1900-T6845.5", "trade_id": "d6f7b3a8-79ce-737d-c824-0503501b8121", "yes_price": 61, "yes_price_dollars": "0.6100"}
{"count": 1, "count_fp": "1.00", "created_time": "2026-03-07T15:18:41.582216Z", "no_price": 39, "no_price_dollars": "0.3900", "price": 0.61, "taker_side": "yes", "ticker": "KXINXPOS-26DEC31H1900-T6845.5", "trade_id": "7d7b8c5e-3a2f-7eec-df22-1a3d40b0c835", "yes_price": 61, "yes_price_dollars": "0.6100"}
{"count": 1, "count_fp": "1.00", "created_time": "2026-03-07T13:04:54.583294Z", "no_price": 39, "no_price_dollars": "0.3900", "price": 0.61, "taker_side": "yes", "ticker": "KXINXPOS-26DEC31H1900-T6845.5", "trade_id": "f6f6363e-e761-483f-1598-7654b0f5ee3c", "yes_price": 61, "yes_price_dollars": "0.6100"}
{"count": 187, "count_fp": "187.00", "created_time": "2026-03-07T11:58:27.040713Z", "no_price": 39, "no_price_dollars": "0.3900", "price": 0.61, "taker_side": "yes", "ticker": "KXINXPOS-26DEC31H1900-T6845.5", "trade_id": "80aa79ab-c7d3-49ab-b28d-d5826db956bf", "yes_price": 61, "yes_price_dollars": "0.6100"}
{"count": 13, "count_fp": "13.00", "created_time": "2026-03-07T11:58:27.040713Z", "no_price": 39, "no_price_dollars": "0.3900", "price": 0.61, "taker_side": "yes", "ticker": "KXINXPOS-26DEC31H1900-T6845.5", "trade_id": "0a39e0e0-d1c8-43ca-aeec-d9b5e0a3b1bf", "yes_price": 61, "yes_price_dollars": "0.6100"}
{"count": 8, "count_fp": "8.00", "created_time": "2026-03-07T07:36:57.984398Z", "no_price": 37, "no_price_dollars": "0.3700", "price": 0.63, "taker_side": "yes", "ticker": "KXINXPOS-26DEC31H1900-T6845.5", "trade_id": "e2dbbb35-8898-4bcf-a5a0-2a19d1a84386", "yes_price": 63, "yes_price_dollars": "0.6300"}
{"count": 10, "count_fp": "10.00", "created_time": "2026-03-07T07:36:57.984398Z", "no_price": 37, "no_price_dollars": "0.3700", "price": 0.63, "taker_side": "yes", "ticker": "KXINXPOS-26DEC31H1900-T6845.5", "trade_id": "e28cfeff-a9ed-4151-86ab-95a6df63754f", "yes_price": 63, "yes_price_dollars": "0.6300"}
{"count": 9, "count_fp": "9.00", "created_time": "2026-03-07T07:36:57.984398Z", "no_price": 41, "no_price_dollars": "0.4100", "price": 0.59, "taker_side": "yes", "ticker": "KXINXPOS-26DEC31H1900-T6845.5", "trade_id": "e09f48ed-ce0b-4959-8b63-9240c5adf880", "yes_price": 59, "yes_price_dollars": "0.5900"}
{"count": 20, "count_fp": "20.00", "created_time": "2026-03-07T07:36:57.984398Z", "no_price": 41, "no_price_dollars": "0.4100", "price": 0.59, "taker_side": "yes", "ticker": "KXINXPOS-26DEC31H1900-T6845.5", "trade_id": "dfbb7f3f-ae0e-46c0-9217-dfe5b76ff03a", "yes_price": 59, "yes_price_dollars": "0.5900"}
{"count": 5, "count_fp": "5.00", "created_time": "2026-03-07T07:36:57.984398Z", "no_price": 41, "no_price_dollars": "0.4100", "price": 0.59, "taker_side": "yes", "ticker": "KXINXPOS-26DEC31H1900-T6845.5", "trade_id": "bc2dd391-3f1c-45e1-8869-c66224fa380d", "yes_price": 59, "yes_price_dollars": "0.5900"}
{"count": 46, "count_fp": "46.00", "created_time": "2026-03-07T07:36:57.984398Z", "no_price": 37, "no_price_dollars": "0.3700", "price": 0.63, "taker_side": "yes", "ticker": "KXINXPOS-26DEC31H1900-T6845.5", "trade_id": "bbdf9375-281f-44d5-9e45-2a252b5d49b5", "yes_price": 63, "yes_price_dollars": "0.6300"}
{"count": 29, "count_fp": "29.00", "created_time": "2026-03-07T07:36:57.984398Z", "no_price": 38, "no_price_dollars": "0.3800", "price": 0.62, "taker_side": "yes", "ticker": "KXINXPOS-26DEC31H1900-T6845.5", "trade_id": "ab28e83f-28a6-4b7c-afdc-38da76257cad", "yes_price": 62, "yes_price_dollars": "0.6200"}
{"count": 8, "count_fp": "8.00", "created_time": "2026-03-07T07:36:57.984398Z", "no_price": 37, "no_price_dollars": "0.3700", "price": 0.63, "taker_side": "yes", "ticker": "KXINXPOS-26DEC31H1900-T6845.5", "trade_id": "a5d700bd-b760-4a12-8f9d-5d865283195a", "yes_price": 63, "yes_price_dollars": "0.6300"}
{"count": 10, "count_fp": "10.00", "created_time": "2026-03-07T07:36:57.984398Z", "no_price": 40, "no_price_dollars": "0.4000", "price": 0.6, "taker_side": "yes", "ticker": "KXINXPOS-26DEC31H1900-T6845.5", "trade_id": "a3e541d0-0dd5-4587-8315-29e33ca87dfb", "yes_price": 60, "yes_price_dollars": "0.6000"}
{"count": 9, "count_fp": "9.00", "created_time": "2026-03-07T07:36:57.984398Z", "no_price": 37, "no_price_dollars": "0.3700", "price": 0.63, "taker_side": "yes", "ticker": "KXINXPOS-26DEC31H1900-T6845.5", "trade_id": "a3464b93-e84d-4dc4-b1f5-09088dfd453f", "yes_price": 63, "yes_price_dollars": "0.6300"}
{"count": 1, "count_fp": "1.00", "created_time": "2026-03-07T07:36:57.984398Z", "no_price": 37, "no_price_dollars": "0.3700", "price": 0.63, "taker_side": "yes", "ticker": "KXINXPOS-26DEC31H1900-T6845.5", "trade_id": "99744f8e-595d-417e-8ff6-185863f50611", "yes_price": 63, "yes_price_dollars": "0.6300"}
{"count": 10, "count_fp": "10.00", "created_time": "2026-03-07T07:36:57.984398Z", "no_price": 37, "no_price_dollars": "0.3700", "price": 0.63, "taker_side": "yes", "ticker": "KXINXPOS-26DEC31H1900-T6845.5", "trade_id": "8e83588a-dc3f-4721-96ea-b74cb5c9c13e", "yes_price": 63, "yes_price_dollars": "0.6300"}
{"count": 10, "count_fp": "10.00", "created_time": "2026-03-07T07:36:57.984398Z", "no_price": 40, "no_price_dollars": "0.4000", "price": 0.6, "taker_side": "yes", "ticker": "KXINXPOS-26DEC31H1900-T6845.5", "trade_id": "87ee9f8b-7c03-4bb9-9409-5e153d033011", "yes_price": 60, "yes_price_dollars": "0.6000"}
{"count": 2, "count_fp": "2.00", "created_time": "2026-03-07T07:36:57.984398Z", "no_price": 37, "no_price_dollars": "0.3700", "price": 0.63, "taker_side": "yes", "ticker": "KXINXPOS-26DEC31H1900-T6845.5", "trade_id": "82411129-c119-49bf-8f74-59bf7090929b", "yes_price": 63, "yes_price_dollars": "0.6300"}
{"count": 1, "count_fp": "1.00", "created_time": "2026-03-07T07:36:57.984398Z", "no_price": 38, "no_price_dollars": "0.3800", "price": 0.62, "taker_side": "yes", "ticker": "KXINXPOS-26DEC31H1900-T6845.5", "trade_id": "7e90df4c-03f4-44b9-8754-5c0262d492c1", "yes_price": 62, "yes_price_dollars": "0.6200"}
{"count": 40, "count_fp": "40.00", "created_time": "2026-03-07T07:36:57.984398Z", "no_price": 40, "no_price_dollars": "0.4000", "price": 0.6, "taker_side": "yes", "ticker": "KXINXPOS-26DEC31H1900-T6845.5", "trade_id": "7e8e0337-b804-4ff6-83a8-807b58994dc3", "yes_price": 60, "yes_price_dollars": "0.6000"}
{"count": 11, "count_fp": "11.00", "created_time": "2026-03-07T07:36:57.984398Z", "no_price": 39, "no_price_dollars": "0.3900", "price": 0.61, "taker_side": "yes", "ticker": "KXINXPOS-26DEC31H1900-T6845.5", "trade_id": "6e778f68-aafe-417b-a0a4-706d70bc98dd", "yes_price": 61, "yes_price_dollars": "0.6100"}
{"count": 20, "count_fp": "20.00", "created_time": "2026-03-07T07:36:57.984398Z", "no_price": 37, "no_price_dollars": "0.3700", "price": 0.63, "taker_side": "yes", "ticker": "KXINXPOS-26DEC31H1900-T6845.5", "trade_id": "5e255246-2504-40b3-9355-c6a61c0495b8", "yes_price": 63, "yes_price_dollars": "0.6300"}
{"count": 9, "count_fp": "9.00", "created_time": "2026-03-07T07:36:57.984398Z", "no_price": 39, "no_price_dollars": "0.3900", "price": 0.61, "taker_side": "yes", "ticker": "KXINXPOS-26DEC31H1900-T6845.5", "trade_id": "4e836c98-35d0-4906-8ad8-29c7abadda52", "yes_price": 61, "yes_price_dollars": "0.6100"}
{"count": 6, "count_fp": "6.00", "created_time": "2026-03-07T07:36:57.984398Z", "no_price": 41, "no_price_dollars": "0.4100", "price": 0.59, "taker_side": "yes", "ticker": "KXINXPOS-26DEC31H1900-T6845.5", "trade_id": "4a1a8136-af6e-496d-9e0b-be4d2897d36a", "yes_price": 59, "yes_price_dollars": "0.5900"}
{"count": 48, "count_fp": "48.00", "created_time": "2026-03-07T07:36:57.984398Z", "no_price": 37, "no_price_dollars": "0.3700", "price": 0.63, "taker_side": "yes", "ticker": "KXINXPOS-26DEC31H1900-T6845.5", "trade_id": "1fb6e035-a00b-4a46-a6fc-d83a51dee6a3", "yes_price": 63, "yes_price_dollars": "0.6300"}
{"count": 5, "count_fp": "5.00", "created_time": "2026-03-07T07:36:57.984398Z", "no_price": 37, "no_price_dollars": "0.3700", "price": 0.63, "taker_side": "yes", "ticker": "KXINXPOS-26DEC31H1900-T6845.5", "trade_id": "1f231750-82c3-4c7b-91df-495ab7e3e7f7", "yes_price": 63, "yes_price_dollars": "0.6300"}
{"count": 1, "count_fp": "1.00", "created_time": "2026-03-07T07:36:57.984398Z", "no_price": 41, "no_price_dollars": "0.4100", "price": 0.59, "taker_side": "yes", "ticker": "KXINXPOS-26DEC31H1900-T6845.5", "trade_id": "1362d04b-20f6-4d30-ace8-26ed8babc0e6", "yes_price": 59, "yes_price_dollars": "0.5900"}
{"count": 1, "count_fp": "1.00", "created_time": "2026-03-07T07:36:57.984398Z", "no_price": 37, "no_price_dollars": "0.3700", "price": 0.63, "taker_side": "yes", "ticker": "KXINXPOS-26DEC31H1900-T6845.5", "trade_id": "04c4e894-ebf8-41be-8256-8066574dc72e", "yes_price": 63, "yes_price_dollars": "0.6300"}
{"count": 25, "count_fp": "25.00", "created_time": "2026-03-07T04:39:46.482048Z", "no_price": 41, "no_price_dollars": "0.4100", "price": 0.59, "taker_side": "yes", "ticker": "KXINXPOS-26DEC31H1900-T6845.5", "trade_id": "bf3527b5-c3fb-5031-b80a-5ab930ed9698", "yes_price": 59, "yes_price_dollars": "0.5900"}
{"count": 10, "count_fp": "10.00", "created_time": "2026-03-07T04:32:57.393092Z", "no_price": 41, "no_price_dollars": "0.4100", "price": 0.59, "taker_side": "yes", "ticker": "KXINXPOS-26DEC31H1900-T6845.5", "trade_id": "c9881bf8-0927-58dd-ecaf-014ae878a508", "yes_price": 59, "yes_price_dollars": "0.5900"}
{"count": 20, "count_fp": "20.00", "created_time": "2026-03-07T03:50:20.054544Z", "no_price": 43, "no_price_dollars": "0.4300", "price": 0.57, "taker_side": "no", "ticker": "KXINXPOS-26DEC31H1900-T6845.5", "trade_id": "c347feb8-70d5-5494-f015-bb96053517c8", "yes_price": 57, "yes_price_dollars": "0.5700"}
