{"count": 1, "count_fp": "1.00", "created_time": "2026-02-18T17:54:54.39648Z", "no_price": 84, "no_price_dollars": "0.8400", "price": 0.16, "taker_side": "yes", "ticker": "KXINX-26FEB18H1600-T6475", "trade_id": "feeec8e2-d040-79cd-c1b6-fa58ee8c783e", "yes_price": 16, "yes_price_dollars": "0.1600"}
{"count": 4, "count_fp": "4.00", "created_time": "2026-02-18T03:31:36.655651Z", "no_price": 69, "no_price_dollars": "0.6900", "price": 0.31, "taker_side": "yes", "ticker": "KXINX-26FEB18H1600-T6475", "trade_id": "1a9e1a03-3024-708a-60ca-a4a909eaab62", "yes_price": 31, "yes_price_dollars": "0.3100"}
{"count": 1, "count_fp": "1.00", "created_time": "2026-02-18T17:55:01.007454Z", "no_price": 97, "no_price_dollars": "0.9700", "price": 0.03, "taker_side": "no", "ticker": "KXINX-26FEB18H1600-B7037", "trade_id": "d8e1a6aa-1c8a-6352-9707-d55615c47732", "yes_price": 3, "yes_price_dollars": "0.0300"}
{"count": 1, "count_fp": "1.00", "created_time": "2026-02-18T17:54:59.706711Z", "no_price": 95, "no_price_dollars": "0.9500", "price": 0.05, "taker_side": "yes", "ticker": "KXINX-26FEB18H1600-B7012", "trade_id": "e254cf50-554d-7e8c-1368-f8d8a9bcb2a6", "yes_price": 5, "yes_price_dollars": "0.0500"}
{"count": 1, "count_fp": "1.00", "created_time": "2026-02-18T17:54:59.246214Z", "no_price": 95, "no_price_dollars": "0.9500", "price": 0.05, "taker_side": "yes", "ticker": "KXINX-26FEB18H1600-B6987", "trade_id": "49f29a1c-296f-69b8-d24f-9998fd61d0b3", "yes_price": 5, "yes_price_dollars": "0.0500"}
{"count": 200, "count_fp": "200.00", "created_time": "2026-02-18T18:27:16.333517Z", "no_price": 97, "no_price_dollars": "0.9700", "price": 0.03, "taker_side": "no", "ticker": "KXINX-26FEB18H1600-B6962", "trade_id": "3ed4c4fe-c091-6228-b26e-f3f715dfc91c", "yes_price": 3, "yes_price_dollars": "0.0300"}
{"count": 1, "count_fp": "1.00", "created_time": "2026-02-18T17:54:58.7937Z", "no_price": 96, "no_price_dollars": "0.9600", "price": 0.04, "taker_side": "yes", "ticker": "KXINX-26FEB18H1600-B6962", "trade_id": "85c1eb14-4815-7ec3-d05c-656e8a023859", "yes_price": 4, "yes_price_dollars": "0.0400"}
{"count": 9, "count_fp": "9.00", "created_time": "2026-02-18T18:47:35.319795Z", "no_price": 98, "no_price_dollars": "0.9800", "price": 0.02, "taker_side": "no", "ticker": "KXINX-26FEB18H1600-B6937", "trade_id": "f44838f4-46ab-43c5-123e-061e9a849dca", "yes_price": 2, "yes_price_dollars": "0.0200"}
{"count": 991, "count_fp": "991.00", "created_time": "2026-02-18T18:47:35.319795Z", "no_price": 99, "no_price_dollars": "0.9900", "price": 0.01, "taker_side": "no", "ticker": "KXINX-26FEB18H1600-B6937", "trade_id": "79f43f00-89c3-4c09-0773-53064ac92af9", "yes_price": 1, "yes_price_dollars": "0.0100"}
{"count": 11, "count_fp": "11.00", "created_time": "2026-02-18T18:37:21.070579Z", "no_price": 94, "no_price_dollars": "0.9400", "price": 0.06, "taker_side": "yes", "ticker": "KXINX-26FEB18H1600-B6937", "trade_id": "68d5ed7c-7426-7c21-e931-bee02fdc8528", "yes_price": 6, "yes_price_dollars": "0.0600"}
{"count": 133, "count_fp": "133.00", "created_time": "2026-02-18T18:37:21.070579Z", "no_price": 93, "no_price_dollars": "0.9300", "price": 0.07, "taker_side": "yes", "ticker": "KXINX-26FEB18H1600-B6937", "trade_id": "5fd7d5ba-2c8a-7fd5-c882-c28084046336", "yes_price": 7, "yes_price_dollars": "0.0700"}
{"count": 1, "count_fp": "1.00", "created_time": "2026-02-18T18:34:01.729363Z", "no_price": 95, "no_price_dollars": "0.9500", "price": 0.05, "taker_side": "yes", "ticker": "KXINX-26FEB18H1600-B6937", "trade_id": "e732d0bb-8d1a-48c8-fde6-6fc54d9674f4", "yes_price": 5, "yes_price_dollars": "0.0500"}
{"count": 1, "count_fp": "1.00", "created_time": "2026-02-18T17:54:52.666024Z", "no_price": 88, "no_price_dollars": "0.8800", "price": 0.12, "taker_side": "yes", "ticker": "KXINX-26FEB18H1600-B6937", "trade_id": "3c2466f5-f6e8-7c98-52de-f810c002b972", "yes_price": 12, "yes_price_dollars": "0.1200"}
{"count": 500, "count_fp": "500.00", "created_time": "2026-02-18T17:03:52.823459Z", "no_price": 91, "no_price_dollars": "0.9100", "price": 0.09, "taker_side": "no", "ticker": "KXINX-26FEB18H1600-B6937", "trade_id": "b52f49b0-f9ee-7cc6-b783-7ea9cd69c7fa", "yes_price": 9, "yes_price_dollars": "0.0900"}
{"count": 500, "count_fp": "500.00", "created_time": "2026-02-18T16:54:17.163475Z", "no_price": 91, "no_price_dollars": "0.9100", "price": 0.09, "taker_side": "no", "ticker": "KXINX-26FEB18H1600-B6937", "trade_id": "b0b7dea2-0350-6f14-b784-06b953cfcbc1", "yes_price": 9, "yes_price_dollars": "0.0900"}
{"count": 200, "count_fp": "200.00", "created_time": "2026-02-18T16:54:17.163475Z", "no_price": 91, "no_price_dollars": "0.9100", "price": 0.09, "taker_side": "no", "ticker": "KXINX-26FEB18H1600-B6937", "trade_id": "30fd551b-817e-6567-bbfd-965ee58b8a4b", "yes_price": 9, "yes_price_dollars": "0.0900"}
{"count": 49, "count_fp": "49.00", "created_time": "2026-02-18T16:43:13.452979Z", "no_price": 84, "no_price_dollars": "0.8400", "price": 0.16, "taker_side": "yes", "ticker": "KXINX-26FEB18H1600-B6937", "trade_id": "c3cb01b4-f18e-66e9-2786-78eaaf89f111", "yes_price": 16, "yes_price_dollars": "0.1600"}
{"count": 1, "count_fp": "1.00", "created_time": "2026-02-18T16:43:13.452979Z", "no_price": 84, "no_price_dollars": "0.8400", "price": 0.16, "taker_side": "yes", "ticker": "KXINX-26FEB18H1600-B6937", "trade_id": "ab458d35-90e8-6b4c-2aed-577d9af66997", "yes_price": 16, "yes_price_dollars": "0.1600"}
{"count": 2, "count_fp": "2.00", "created_time": "2026-02-18T15:24:06.035223Z", "no_price": 80, "no_price_dollars": "0.8000", "price": 0.2, "taker_side": "yes", "ticker": "KXINX-26FEB18H1600-B6937", "trade_id": "2c48e384-d2a7-57c1-1d87-46921122ad69", "yes_price": 20, "yes_price_dollars": "0.2000"}
{"count": 1, "count_fp": "1.00", "created_time": "2026-02-18T15:15:26.098527Z", "no_price": 82, "no_price_dollars": "0.8200", "price": 0.18, "taker_side": "yes", "ticker": "KXINX-26FEB18H1600-B6937", "trade_id": "7cbc58f3-0ab9-49a9-3e18-2c1d5c6b8e7b", "yes_price": 18, "yes_price_dollars": "0.1800"}
{"count": 1, "count_fp": "1.00", "created_time": "2026-02-18T15:00:20.420793Z", "no_price": 91, "no_price_dollars": "0.9100", "price": 0.09, "taker_side": "no", "ticker": "KXINX-26FEB18H1600-B6937", "trade_id": "a6fc15e5-28ef-65aa-f5f4-0681f19d24a3", "yes_price": 9, "yes_price_dollars": "0.0900"}
{"count": 1, "count_fp": "1.00", "created_time": "2026-02-18T14:55:09.566612Z", "no_price": 93, "no_price_dollars": "0.9300", "price": 0.07, "taker_side": "no", "ticker": "KXINX-26FEB18H1600-B6937", "trade_id": "6645383e-c081-42f4-8dd8-e86c30226592", "yes_price": 7, "yes_price_dollars": "0.0700"}
{"count": 1, "count_fp": "1.00", "created_time": "2026-02-18T14:45:09.269385Z", "no_price": 93, "no_price_dollars": "0.9300", "price": 0.07, "taker_side": "no", "ticker": "KXINX-26FEB18H1600-B6937", "trade_id": "0eca1ee3-9388-73e4-0600-8a57a1c79be3", "yes_price": 7, "yes_price_dollars": "0.0700"}
{"count": 1, "count_fp": "1.00", "created_time": "2026-02-18T14:41:14.426215Z", "no_price": 93, "no_price_dollars": "0.9300", "price": 0.07, "taker_side": "yes", "ticker": "KXINX-26FEB18H1600-B6937", "trade_id": "45cf9147-804e-6755-8abb-a4cd9773d96e", "yes_price": 7, "yes_price_dollars": "0.0700"}
{"count": 1, "count_fp": "1.00", "created_time": "2026-02-18T20:54:44.07421Z", "no_price": 98, "no_price_dollars": "0.9800", "price": 0.02, "taker_side": "yes", "ticker": "KXINX-26FEB18H1600-B6912", "trade_id": "f195f1da-31b4-6c00-7881-cf8b1461b47c", "yes_price": 2, "yes_price_dollars": "0.0200"}
{"count": 25, "count_fp": "25.00", "created_time": "2026-02-18T20:54:44.07421Z", "no_price": 98, "no_price_dollars": "0.9800", "price": 0.02, "taker_side": "yes", "ticker": "KXINX-26FEB18H1600-B6912", "trade_id": "677392d6-b867-66fe-59ce-7cc7163e51e2", "yes_price": 2, "yes_price_dollars": "0.0200"}
{"count": 1, "count_fp": "1.00", "created_time": "2026-02-18T20:16:40.469817Z", "no_price": 99, "no_price_dollars": "0.9900", "price": 0.01, "taker_side": "no", "ticker": "KXINX-26FEB18H1600-B6912", "trade_id": "a9c1b2e6-d399-668e-c8c7-6bbeb07f0b42", "yes_price": 1, "yes_price_dollars": "0.0100"}
{"count": 639, "count_fp": "639.00", "created_time": "2026-02-18T20:03:00.293262Z", "no_price": 95, "no_price_dollars": "0.9500", "price": 0.05, "taker_side": "yes", "ticker": "KXINX-26FEB18H1600-B6912", "trade_id": "a418433a-1dbd-4b44-1f1f-672e483c2b38", "yes_price": 5, "yes_price_dollars": "0.0500"}
{"count": 1, "count_fp": "1.00", "created_time": "2026-02-18T20:03:00.293262Z", "no_price": 97, "no_price_dollars": "0.9700", "price": 0.03, "taker_side": "yes", "ticker": "KXINX-26FEB18H1600-B6912", "trade_id": "1914faef-93dc-4ec4-2fff-60486abb81e7", "yes_price": 3, "yes_price_dollars": "0.0300"}
{"count": 1, "count_fp": "1.00", "created_time": "2026-02-18T20:00:07.939604Z", "no_price": 99, "no_price_dollars": "0.9900", "price": 0.01, "taker_side": "no", "ticker": "KXINX-26FEB18H1600-B6912", "trade_id": "3b1d37a3-ee75-657a-801b-332667a5fb46", "yes_price": 1, "yes_price_dollars": "0.0100"}
{"count": 1, "count_fp": "1.00", "created_time": "2026-02-18T19:59:02.04738Z", "no_price": 96, "no_price_dollars": "0.9600", "price": 0.04, "taker_side": "yes", "ticker": "KXINX-26FEB18H1600-B6912", "trade_id": "1d1917aa-78f5-6aaf-b14a-cad14981867e", "yes_price": 4, "yes_price_dollars": "0.0400"}
{"count": 9, "count_fp": "9.00", "created_time": "2026-02-18T19:53:39.301781Z", "no_price": 95, "no_price_dollars": "0.9500", "price": 0.05, "taker_side": "no", "ticker": "KXINX-26FEB18H1600-B6912", "trade_id": "d1840e87-ab1e-52b2-a0c3-1c0b262c1c3c", "yes_price": 5, "yes_price_dollars": "0.0500"}
{"count": 400, "count_fp": "400.00", "created_time": "2026-02-18T19:53:39.301781Z", "no_price": 95, "no_price_dollars": "0.9500", "price": 0.05, "taker_side": "no", "ticker": "KXINX-26FEB18H1600-B6912", "trade_id": "06f0dcee-11c9-5b15-b0e7-c503301f5cb0", "yes_price": 5, "yes_price_dollars": "0.0500"}
{"count": 99, "count_fp": "99.00", "created_time": "2026-02-18T19:48:45.201931Z", "no_price": 93, "no_price_dollars": "0.9300", "price": 0.07, "taker_side": "yes", "ticker": "KXINX-26FEB18H1600-B6912", "trade_id": "c38a6deb-6792-52fc-64e0-52ea0969b028", "yes_price": 7, "yes_price_dollars": "0.0700"}
{"count": 1, "count_fp": "1.00", "created_time": "2026-02-18T19:48:33.759742Z", "no_price": 94, "no_price_dollars": "0.9400", "price": 0.06, "taker_side": "yes", "ticker": "KXINX-26FEB18H1600-B6912", "trade_id": "b28189ef-8577-5e11-7bed-f43c8b759f94", "yes_price": 6, "yes_price_dollars": "0.0600"}
{"count": 1, "count_fp": "1.00", "created_time": "2026-02-18T19:31:42.334648Z", "no_price": 92, "no_price_dollars": "0.9200", "price": 0.08, "taker_side": "no", "ticker": "KXINX-26FEB18H1600-B6912", "trade_id": "903afca5-e0a0-5400-b972-c8eff2137474", "yes_price": 8, "yes_price_dollars": "0.0800"}
{"count": 6, "count_fp": "6.00", "created_time": "2026-02-18T19:31:39.300758Z", "no_price": 91, "no_price_dollars": "0.9100", "price": 0.09, "taker_side": "no", "ticker": "KXINX-26FEB18H1600-B6912", "trade_id": "6a475f8b-2c79-5fa4-8bd2-47cef1aef3e1", "yes_price": 9, "yes_price_dollars": "0.0900"}
{"count": 6, "count_fp": "6.00", "created_time": "2026-02-18T19:26:37.38259Z", "no_price": 84, "no_price_dollars": "0.8400", "price": 0.16, "taker_side": "no", "ticker": "KXINX-26FEB18H1600-B6912", "trade_id": "ceee9c45-bb7b-71ec-d629-c73855848359", "yes_price": 16, "yes_price_dollars": "0.1600"}
{"count": 1, "count_fp": "1.00", "created_time": "2026-02-18T19:26:15.594373Z", "no_price": 85, "no_price_dollars": "0.8500", "price": 0.15, "taker_side": "no", "ticker": "KXINX-26FEB18H1600-B6912", "trade_id": "50651de0-60fb-6d70-af83-e0b276954119", "yes_price": 15, "yes_price_dollars": "0.1500"}
{"count": 1, "count_fp": "1.00", "created_time": "2026-02-18T19:22:27.770895Z", "no_price": 85, "no_price_dollars": "0.8500", "price": 0.15, "taker_side": "no", "ticker": "KXINX-26FEB18H1600-B6912", "trade_id": "eb318024-fdd1-555f-9c43-29d56f131094", "yes_price": 15, "yes_price_dollars": "0.1500"}
{"count": 1, "count_fp": "1.00", "created_time": "2026-02-18T19:22:04.538682Z", "no_price": 86, "no_price_dollars": "0.8600", "price": 0.14, "taker_side": "yes", "ticker": "KXINX-26FEB18H1600-B6912", "trade_id": "c71a83ff-f085-7974-65b3-67dca814cfb6", "yes_price": 14, "yes_price_dollars": "0.1400"}
{"count": 15, "count_fp": "15.00", "created_time": "2026-02-18T18:57:59.74029Z", "no_price": 76, "no_price_dollars": "0.7600", "price": 0.24, "taker_side": "no", "ticker": "KXINX-26FEB18H1600-B6912", "trade_id": "2af96dcb-a4b0-5bb8-b5aa-9880011dfaa6", "yes_price": 24, "yes_price_dollars": "0.2400"}
{"count": 1, "count_fp": "1.00", "created_time": "2026-02-18T18:55:32.932706Z", "no_price": 74, "no_price_dollars": "0.7400", "price": 0.26, "taker_side": "no", "ticker": "KXINX-26FEB18H1600-B6912", "trade_id": "13cf9bf1-6b76-65ca-1dc5-642a83564e3b", "yes_price": 26, "yes_price_dollars": "0.2600"}
{"count": 10, "count_fp": "10.00", "created_time": "2026-02-18T18:55:07.998772Z", "no_price": 74, "no_price_dollars": "0.7400", "price": 0.26, "taker_side": "yes", "ticker": "KXINX-26FEB18H1600-B6912", "trade_id": "d6e489f2-fe22-4d58-ef7b-e3a91310de20", "yes_price": 26, "yes_price_dollars": "0.2600"}
{"count": 1, "count_fp": "1.00", "created_time": "2026-02-18T18:54:07.405834Z", "no_price": 77, "no_price_dollars": "0.7700", "price": 0.23, "taker_side": "yes", "ticker": "KXINX-26FEB18H1600-B6912", "trade_id": "ef341837-81c0-5898-fb61-c57379f3b5e0", "yes_price": 23, "yes_price_dollars": "0.2300"}
{"count": 1, "count_fp": "1.00", "created_time": "2026-02-18T18:54:07.405834Z", "no_price": 78, "no_price_dollars": "0.7800", "price": 0.22, "taker_side": "yes", "ticker": "KXINX-26FEB18H1600-B6912", "trade_id": "46e6c771-5dd9-5b60-e962-99e7f511bfc5", "yes_price": 22, "yes_price_dollars": "0.2200"}
{"count": 3, "count_fp": "3.00", "created_time": "2026-02-18T18:53:27.605748Z", "no_price": 83, "no_price_dollars": "0.8300", "price": 0.17, "taker_side": "yes", "ticker": "KXINX-26FEB18H1600-B6912", "trade_id": "5577f6e9-b0ca-581f-eb6d-9174dc7a2472", "yes_price": 17, "yes_price_dollars": "0.1700"}
{"count": 10, "count_fp": "10.00", "created_time": "2026-02-18T18:51:16.230872Z", "no_price": 73, "no_price_dollars": "0.7300", "price": 0.27, "taker_side": "no", "ticker": "KXINX-26FEB18H1600-B6912", "trade_id": "8eca96b3-5e14-5e0e-a9a4-95e51a264762", "yes_price": 27, "yes_price_dollars": "0.2700"}
{"count": 8, "count_fp": "8.00", "created_time": "2026-02-18T18:45:44.839501Z", "no_price": 72, "no_price_dollars": "0.7200", "price": 0.28, "taker_side": "yes", "ticker": "KXINX-26FEB18H1600-B6912", "trade_id": "a455d753-efa1-5ee7-ceb4-dbb0c5823ada", "yes_price": 28, "yes_price_dollars": "0.2800"}
{"count": 10, "count_fp": "10.00", "created_time": "2026-02-18T18:44:27.268726Z", "no_price": 72, "no_price_dollars": "0.7200", "price": 0.28, "taker_side": "yes", "ticker": "KXINX-26FEB18H1600-B6912", "trade_id": "7b3a174b-ba25-5205-e092-e84875763c13", "yes_price": 28, "yes_price_dollars": "0.2800"}
{"count": 12, "count_fp": "12.00", "created_time": "2026-02-18T18:44:03.801981Z", "no_price": 75, "no_price_dollars": "0.7500", "price": 0.25, "taker_side": "yes", "ticker": "KXINX-26FEB18H1600-B6912", "trade_id": "d00dfa1c-6024-505d-cafd-d23b38ce90d1", "yes_price": 25, "yes_price_dollars": "0.2500"}
{"count": 10, "count_fp": "10.00", "created_time": "2026-02-18T18:43:53.621387Z", "no_price": 75, "no_price_dollars": "0.7500", "price": 0.25, "taker_side": "yes", "ticker": "KXINX-26FEB18H1600-B6912", "trade_id": "0bc486f4-ac61-5f4b-ef25-788d8e076b55", "yes_price": 25, "yes_price_dollars": "0.2500"}
{"count": 8, "count_fp": "8.00", "created_time": "2026-02-18T18:43:21.814895Z", "no_price": 79, "no_price_dollars": "0.7900", "price": 0.21, "taker_side": "no", "ticker": "KXINX-26FEB18H1600-B6912", "trade_id": "e758dfa6-ffb6-57ec-8ffd-ac35a9596ac0", "yes_price": 21, "yes_price_dollars": "0.2100"}
{"count": 10, "count_fp": "10.00", "created_time": "2026-02-18T18:43:10.128787Z", "no_price": 76, "no_price_dollars": "0.7600", "price": 0.24, "taker_side": "no", "ticker": "KXINX-26FEB18H1600-B6912", "trade_id": "634eabdf-fd1a-547b-8040-e1cd0899eabb", "yes_price": 24, "yes_price_dollars": "0.2400"}
{"count": 11, "count_fp": "11.00", "created_time": "2026-02-18T18:42:50.8731Z", "no_price": 74, "no_price_dollars": "0.7400", "price": 0.26, "taker_side": "no", "ticker": "KXINX-26FEB18H1600-B6912", "trade_id": "fb156c5a-0237-5fc7-8e7b-2f506e08f55e", "yes_price": 26, "yes_price_dollars": "0.2600"}
{"count": 1, "count_fp": "1.00", "created_time": "2026-02-18T18:42:11.166375Z", "no_price": 69, "no_price_dollars": "0.6900", "price": 0.31, "taker_side": "no", "ticker": "KXINX-26FEB18H1600-B6912", "trade_id": "8d1c96a7-f37f-5606-9061-5814377a5c48", "yes_price": 31, "yes_price_dollars": "0.3100"}
{"count": 10, "count_fp": "10.00", "created_time": "2026-02-18T18:42:11.166375Z", "no_price": 68, "no_price_dollars": "0.6800", "price": 0.32, "taker_side": "no", "ticker": "KXINX-26FEB18H1600-B6912", "trade_id": "1cdd10aa-0c0c-575d-97ec-ad2446c33a0a", "yes_price": 32, "yes_price_dollars": "0.3200"}
{"count": 1, "count_fp": "1.00", "created_time": "2026-02-18T18:30:46.441955Z", "no_price": 60, "no_price_dollars": "0.6000", "price": 0.4, "taker_side": "no", "ticker": "KXINX-26FEB18H1600-B6912", "trade_id": "db971ec5-5d9e-5012-884c-05dc85c3d322", "yes_price": 40, "yes_price_dollars": "0.4000"}
{"count": 8, "count_fp": "8.00", "created_time": "2026-02-18T18:27:29.829798Z", "no_price": 58, "no_price_dollars": "0.5800", "price": 0.42, "taker_side": "yes", "ticker": "KXINX-26FEB18H1600-B6912", "trade_id": "71c7c869-e155-4522-1126-46142e0aa322", "yes_price": 42, "yes_price_dollars": "0.4200"}
{"count": 1, "count_fp": "1.00", "created_time": "2026-02-18T18:27:29.829798Z", "no_price": 58, "no_price_dollars": "0.5800", "price": 0.42, "taker_side": "yes", "ticker": "KXINX-26FEB18H1600-B6912", "trade_id": "6197f9f1-c6fa-42b8-3d58-7c2fd73bac9c", "yes_price": 42, "yes_price_dollars": "0.4200"}
{"count": 335, "count_fp": "335.00", "created_time": "2026-02-18T18:27:16.328696Z", "no_price": 62, "no_price_dollars": "0.6200", "price": 0.38, "taker_side": "no", "ticker": "KXINX-26FEB18H1600-B6912", "trade_id": "07685438-8ad4-5ed1-9cbe-4686bf9fbccd", "yes_price": 38, "yes_price_dollars": "0.3800"}
{"count": 1, "count_fp": "1.00", "created_time": "2026-02-18T18:27:15.997188Z", "no_price": 59, "no_price_dollars": "0.5900", "price": 0.41, "taker_side": "no", "ticker": "KXINX-26FEB18H1600-B6912", "trade_id": "b1ecc9a3-3de0-5a0a-96df-48771b4425f9", "yes_price": 41, "yes_price_dollars": "0.4100"}
{"count": 10, "count_fp": "10.00", "created_time": "2026-02-18T18:27:15.729824Z", "no_price": 57, "no_price_dollars": "0.5700", "price": 0.43, "taker_side": "no", "ticker": "KXINX-26FEB18H1600-B6912", "trade_id": "6254707c-ad2c-5953-aeed-2f1113871c0b", "yes_price": 43, "yes_price_dollars": "0.4300"}
{"count": 1, "count_fp": "1.00", "created_time": "2026-02-18T18:26:14.355107Z", "no_price": 51, "no_price_dollars": "0.5100", "price": 0.49, "taker_side": "no", "ticker": "KXINX-26FEB18H1600-B6912", "trade_id": "72f2bcdf-9b94-5eed-a65d-af23fd8eefc5", "yes_price": 49, "yes_price_dollars": "0.4900"}
{"count": 1, "count_fp": "1.00", "created_time": "2026-02-18T18:22:19.51798Z", "no_price": 48, "no_price_dollars": "0.4800", "price": 0.52, "taker_side": "no", "ticker": "KXINX-26FEB18H1600-B6912", "trade_id": "d69b5e42-e429-57f2-a7de-02b21629135d", "yes_price": 52, "yes_price_dollars": "0.5200"}
{"count": 10, "count_fp": "10.00", "created_time": "2026-02-18T18:22:03.844346Z", "no_price": 46, "no_price_dollars": "0.4600", "price": 0.54, "taker_side": "no", "ticker": "KXINX-26FEB18H1600-B6912", "trade_id": "7f69e4c9-0a8d-5791-8516-2711c054dba0", "yes_price": 54, "yes_price_dollars": "0.5400"}
{"count": 1, "count_fp": "1.00", "created_time": "2026-02-18T18:21:12.874614Z", "no_price": 45, "no_price_dollars": "0.4500", "price": 0.55, "taker_side": "no", "ticker": "KXINX-26FEB18H1600-B6912", "trade_id": "31f15918-8422-5cc2-8c5e-0e568de7c02a", "yes_price": 55, "yes_price_dollars": "0.5500"}
{"count": 42, "count_fp": "42.00", "created_time": "2026-02-18T18:19:48.269932Z", "no_price": 43, "no_price_dollars": "0.4300", "price": 0.57, "taker_side": "yes", "ticker": "KXINX-26FEB18H1600-B6912", "trade_id": "a1242088-0e46-5c28-0836-e3ecfaa6b7cc", "yes_price": 57, "yes_price_dollars": "0.5700"}
{"count": 1, "count_fp": "1.00", "created_time": "2026-02-18T18:14:00.315837Z", "no_price": 44, "no_price_dollars": "0.4400", "price": 0.56, "taker_side": "no", "ticker": "KXINX-26FEB18H1600-B6912", "trade_id": "758ad708-c52b-536f-8299-b20dc022f2f9", "yes_price": 56, "yes_price_dollars": "0.5600"}
{"count": 1, "count_fp": "1.00", "created_time": "2026-02-18T18:07:29.8013Z", "no_price": 46, "no_price_dollars": "0.4600", "price": 0.54, "taker_side": "no", "ticker": "KXINX-26FEB18H1600-B6912", "trade_id": "e1671bc5-79f8-6bb8-5554-c572bc3b5476", "yes_price": 54, "yes_price_dollars": "0.5400"}
{"count": 207, "count_fp": "207.00", "created_time": "2026-02-18T18:07:29.8013Z", "no_price": 46, "no_price_dollars": "0.4600", "price": 0.54, "taker_side": "no", "ticker": "KXINX-26FEB18H1600-B6912", "trade_id": "b58e2914-d830-671a-7338-4134566bc520", "yes_price": 54, "yes_price_dollars": "0.5400"}
{"count": 1, "count_fp": "1.00", "created_time": "2026-02-18T17:54:52.245545Z", "no_price": 42, "no_price_dollars": "0.4200", "price": 0.58, "taker_side": "yes", "ticker": "KXINX-26FEB18H1600-B6912", "trade_id": "41bb905d-5fc9-5d6b-4819-b2aa7d370cff", "yes_price": 58, "yes_price_dollars": "0.5800"}
{"count": 97, "count_fp": "97.00", "created_time": "2026-02-18T17:23:34.68165Z", "no_price": 50, "no_price_dollars": "0.5000", "price": 0.5, "taker_side": "no", "ticker": "KXINX-26FEB18H1600-B6912", "trade_id": "5eb52b5d-a6c6-44e2-1c4c-c632ec644e65", "yes_price": 50, "yes_price_dollars": "0.5000"}
{"count": 1, "count_fp": "1.00", "created_time": "2026-02-18T17:23:34.68165Z", "no_price": 50, "no_price_dollars": "0.5000", "price": 0.5, "taker_side": "no", "ticker": "KXINX-26FEB18H1600-B6912", "trade_id": "20855e2d-7970-4e7d-3aab-99509b8a6109", "yes_price": 50, "yes_price_dollars": "0.5000"}
{"count": 1, "count_fp": "1.00", "created_time": "2026-02-18T17:23:00.079703Z", "no_price": 50, "no_price_dollars": "0.5000", "price": 0.5, "taker_side": "no", "ticker": "KXINX-26FEB18H1600-B6912", "trade_id": "f4d52a33-76f4-6970-6151-800d18f36ad6", "yes_price": 50, "yes_price_dollars": "0.5000"}
{"count": 26, "count_fp": "26.00", "created_time": "2026-02-18T17:23:00.079703Z", "no_price": 50, "no_price_dollars": "0.5000", "price": 0.5, "taker_side": "no", "ticker": "KXINX-26FEB18H1600-B6912", "trade_id": "8d264a12-3412-68b3-7675-0184ca1bbc14", "yes_price": 50, "yes_price_dollars": "0.5000"}
{"count": 166, "count_fp": "166.00", "created_time": "2026-02-18T17:23:00.079703Z", "no_price": 50, "no_price_dollars": "0.5000", "price": 0.5, "taker_side": "no", "ticker": "KXINX-26FEB18H1600-B6912", "trade_id": "2709576b-35f2-6e52-71a3-e36c427c05e1", "yes_price": 50, "yes_price_dollars": "0.5000"}
{"count": 1, "count_fp": "1.00", "created_time": "2026-02-18T17:15:03.65965Z", "no_price": 23, "no_price_dollars": "0.2300", "price": 0.77, "taker_side": "yes", "ticker": "KXINX-26FEB18H1600-B6912", "trade_id": "9f069776-dc5f-7640-5f14-63293b9ab30f", "yes_price": 77, "yes_price_dollars": "0.7700"}
{"count": 3, "count_fp": "3.00", "created_time": "2026-02-18T17:15:03.65965Z", "no_price": 23, "no_price_dollars": "0.2300", "price": 0.77, "taker_side": "yes", "ticker": "KXINX-26FEB18H1600-B6912", "trade_id": "7b31b49f-366e-717f-6123-6c5ab73ef798", "yes_price": 77, "yes_price_dollars": "0.7700"}
{"count": 11, "count_fp": "11.00", "created_time": "2026-02-18T17:13:16.129806Z", "no_price": 47, "no_price_dollars": "0.4700", "price": 0.53, "taker_side": "yes", "ticker": "KXINX-26FEB18H1600-B6912", "trade_id": "fc762f6b-d29f-42ac-638e-0e0fe3001ccf", "yes_price": 53, "yes_price_dollars": "0.5300"}
{"count": 2, "count_fp": "2.00", "created_time": "2026-02-18T17:13:16.129806Z", "no_price": 37, "no_price_dollars": "0.3700", "price": 0.63, "taker_side": "yes", "ticker": "KXINX-26FEB18H1600-B6912", "trade_id": "d1122995-43f8-489c-623f-70d0431d3796", "yes_price": 63, "yes_price_dollars": "0.6300"}
{"count": 1, "count_fp": "1.00", "created_time": "2026-02-18T17:13:16.129806Z", "no_price": 47, "no_price_dollars": "0.4700", "price": 0.53, "taker_side": "yes", "ticker": "KXINX-26FEB18H1600-B6912", "trade_id": "9fda2b64-c73a-482c-7f09-fef051b07fa9", "yes_price": 53, "yes_price_dollars": "0.5300"}
{"count": 26, "count_fp": "26.00", "created_time": "2026-02-18T17:13:16.129806Z", "no_price": 20, "no_price_dollars": "0.2000", "price": 0.8, "taker_side": "yes", "ticker": "KXINX-26FEB18H1600-B6912", "trade_id": "69e897f4-2361-4aab-58fc-50f89a2fcf32", "yes_price": 80, "yes_price_dollars": "0.8000"}
{"count": 2, "count_fp": "2.00", "created_time": "2026-02-18T17:13:16.129806Z", "no_price": 40, "no_price_dollars": "0.4000", "price": 0.6, "taker_side": "yes", "ticker": "KXINX-26FEB18H1600-B6912", "trade_id": "235edaac-d0a9-4cec-65e7-7b1c96dde27c", "yes_price": 60, "yes_price_dollars": "0.6000"}
{"count": 184, "count_fp": "184.00", "created_time": "2026-02-18T17:10:39.687995Z", "no_price": 53, "no_price_dollars": "0.5300", "price": 0.47, "taker_side": "no", "ticker": "KXINX-26FEB18H1600-B6912", "trade_id": "dd852015-d012-7b7c-b2e7-a2601f6ebefc", "yes_price": 47, "yes_price_dollars": "0.4700"}
{"count": 1, "count_fp": "1.00", "created_time": "2026-02-18T17:10:39.687995Z", "no_price": 52, "no_price_dollars": "0.5200", "price": 0.48, "taker_side": "no", "ticker": "KXINX-26FEB18H1600-B6912", "trade_id": "192653b7-2653-71d7-b8ee-f4d83e55feb2", "yes_price": 48, "yes_price_dollars": "0.4800"}
{"count": 4, "count_fp": "4.00", "created_time": "2026-02-18T17:02:23.612592Z", "no_price": 59, "no_price_dollars": "0.5900", "price": 0.41, "taker_side": "yes", "ticker": "KXINX-26FEB18H1600-B6912", "trade_id": "5cdc0c78-c7a2-450a-d3fd-3132775ed5b6", "yes_price": 41, "yes_price_dollars": "0.4100"}
{"count": 164, "count_fp": "164.00", "created_time": "2026-02-18T17:01:41.973731Z", "no_price": 60, "no_price_dollars": "0.6000", "price": 0.4, "taker_side": "no", "ticker": "KXINX-26FEB18H1600-B6912", "trade_id": "b1f239ee-3f9c-6fa9-88b3-bec8211f2c7d", "yes_price": 40, "yes_price_dollars": "0.4000"}
{"count": 20, "count_fp": "20.00", "created_time": "2026-02-18T17:00:43.322581Z", "no_price": 59, "no_price_dollars": "0.5900", "price": 0.41, "taker_side": "no", "ticker": "KXINX-26FEB18H1600-B6912", "trade_id": "972d3645-3f4e-57d4-c5b1-84cd4530f915", "yes_price": 41, "yes_price_dollars": "0.4100"}
{"count": 1, "count_fp": "1.00", "created_time": "2026-02-18T16:58:19.991871Z", "no_price": 47, "no_price_dollars": "0.4700", "price": 0.53, "taker_side": "yes", "ticker": "KXINX-26FEB18H1600-B6912", "trade_id": "74ba024a-de4b-5c58-f382-e6312afdda63", "yes_price": 53, "yes_price_dollars": "0.5300"}
{"count": 1, "count_fp": "1.00", "created_time": "2026-02-18T16:58:19.991871Z", "no_price": 57, "no_price_dollars": "0.5700", "price": 0.43, "taker_side": "yes", "ticker": "KXINX-26FEB18H1600-B6912", "trade_id": "1cc68cda-3359-5c10-dde7-e88549c700f1", "yes_price": 43, "yes_price_dollars": "0.4300"}
{"count": 1, "count_fp": "1.00", "created_time": "2026-02-18T16:55:30.276195Z", "no_price": 60, "no_price_dollars": "0.6000", "price": 0.4, "taker_side": "no", "ticker": "KXINX-26FEB18H1600-B6912", "trade_id": "e907297f-6e51-667a-b54b-d3f29b267f8b", "yes_price": 40, "yes_price_dollars": "0.4000"}
{"count": 1, "count_fp": "1.00", "created_time": "2026-02-18T16:55:30.276195Z", "no_price": 60, "no_price_dollars": "0.6000", "price": 0.4, "taker_side": "no", "ticker": "KXINX-26FEB18H1600-B6912", "trade_id": "1bf5229d-daf8-6c89-9f28-1599598c0439", "yes_price": 40, "yes_price_dollars": "0.4000"}
{"count": 3, "count_fp": "3.00", "created_time": "2026-02-18T16:50:29.0148Z", "no_price": 52, "no_price_dollars": "0.5200", "price": 0.48, "taker_side": "yes", "ticker": "KXINX-26FEB18H1600-B6912", "trade_id": "da8e3e94-f385-57a5-d252-735437912a37", "yes_price": 48, "yes_price_dollars": "0.4800"}
{"count": 1, "count_fp": "1.00", "created_time": "2026-02-18T16:50:29.0148Z", "no_price": 53, "no_price_dollars": "0.5300", "price": 0.47, "taker_side": "yes", "ticker": "KXINX-26FEB18H1600-B6912", "trade_id": "5b970fe8-fcfd-5926-df0e-1c7847264845", "yes_price": 47, "yes_price_dollars": "0.4700"}
{"count": 496, "count_fp": "496.00", "created_time": "2026-02-18T16:49:25.091177Z", "no_price": 52, "no_price_dollars": "0.5200", "price": 0.48, "taker_side": "no", "ticker": "KXINX-26FEB18H1600-B6912", "trade_id": "49dff9a6-ea71-423a-9a14-1f67f47825b7", "yes_price": 48, "yes_price_dollars": "0.4800"}
{"count": 600, "count_fp": "600.00", "created_time": "2026-02-18T16:49:12.813486Z", "no_price": 51, "no_price_dollars": "0.5100", "price": 0.49, "taker_side": "no", "ticker": "KXINX-26FEB18H1600-B6912", "trade_id": "399bf27c-c934-48e1-ad35-5f9f4a9b7d8f", "yes_price": 49, "yes_price_dollars": "0.4900"}
{"count": 1, "count_fp": "1.00", "created_time": "2026-02-18T16:47:01.180864Z", "no_price": 52, "no_price_dollars": "0.5200", "price": 0.48, "taker_side": "no", "ticker": "KXINX-26FEB18H1600-B6912", "trade_id": "a66daf17-c5bd-522a-f989-a17f123e5153", "yes_price": 48, "yes_price_dollars": "0.4800"}
{"count": 3, "count_fp": "3.00", "created_time": "2026-02-18T16:46:28.449408Z", "no_price": 52, "no_price_dollars": "0.5200", "price": 0.48, "taker_side": "no", "ticker": "KXINX-26FEB18H1600-B6912", "trade_id": "27c5b48c-f101-6a12-ea77-42f72e015c27", "yes_price": 48, "yes_price_dollars": "0.4800"}
{"count": 1, "count_fp": "1.00", "created_time": "2026-02-18T16:38:48.871635Z", "no_price": 51, "no_price_dollars": "0.5100", "price": 0.49, "taker_side": "yes", "ticker": "KXINX-26FEB18H1600-B6912", "trade_id": "fe3643cb-582c-718e-0647-34f237f93d6a", "yes_price": 49, "yes_price_dollars": "0.4900"}
{"count": 118, "count_fp": "118.00", "created_time": "2026-02-18T16:38:48.871635Z", "no_price": 49, "no_price_dollars": "0.4900", "price": 0.51, "taker_side": "yes", "ticker": "KXINX-26FEB18H1600-B6912", "trade_id": "c564d7e1-9fd9-7f59-3814-8130b19611b3", "yes_price": 51, "yes_price_dollars": "0.5100"}
{"count": 20, "count_fp": "20.00", "created_time": "2026-02-18T16:38:48.871635Z", "no_price": 51, "no_price_dollars": "0.5100", "price": 0.49, "taker_side": "yes", "ticker": "KXINX-26FEB18H1600-B6912", "trade_id": "94a06dac-f33d-7088-241b-9d37bbb139c8", "yes_price": 49, "yes_price_dollars": "0.4900"}
{"count": 61, "count_fp": "61.00", "created_time": "2026-02-18T16:38:48.871635Z", "no_price": 50, "no_price_dollars": "0.5000", "price": 0.5, "taker_side": "yes", "ticker": "KXINX-26FEB18H1600-B6912", "trade_id": "0800c1ce-821c-7161-2b12-7dde65c53ed0", "yes_price": 50, "yes_price_dollars": "0.5000"}
{"count": 4, "count_fp": "4.00", "created_time": "2026-02-18T16:31:25.830155Z", "no_price": 55, "no_price_dollars": "0.5500", "price": 0.45, "taker_side": "yes", "ticker": "KXINX-26FEB18H1600-B6912", "trade_id": "bd909213-955d-4715-4de9-ded9c84ecc5f", "yes_price": 45, "yes_price_dollars": "0.4500"}
{"count": 22, "count_fp": "22.00", "created_time": "2026-02-18T16:26:41.404223Z", "no_price": 56, "no_price_dollars": "0.5600", "price": 0.44, "taker_side": "no", "ticker": "KXINX-26FEB18H1600-B6912", "trade_id": "b255b933-136f-56c7-46db-c6dc1a272dd8", "yes_price": 44, "yes_price_dollars": "0.4400"}
{"count": 45, "count_fp": "45.00", "created_time": "2026-02-18T16:25:17.080521Z", "no_price": 55, "no_price_dollars": "0.5500", "price": 0.45, "taker_side": "no", "ticker": "KXINX-26FEB18H1600-B6912", "trade_id": "dd66d4a1-1003-46fc-f7c9-4217881c6c9c", "yes_price": 45, "yes_price_dollars": "0.4500"}
{"count": 5, "count_fp": "5.00", "created_time": "2026-02-18T16:25:17.080521Z", "no_price": 56, "no_price_dollars": "0.5600", "price": 0.44, "taker_side": "no", "ticker": "KXINX-26FEB18H1600-B6912", "trade_id": "1ecafcf0-3e51-4f0d-cc1e-d886db962ac6", "yes_price": 44, "yes_price_dollars": "0.4400"}
{"count": 1, "count_fp": "1.00", "created_time": "2026-02-18T16:25:17.080521Z", "no_price": 55, "no_price_dollars": "0.5500", "price": 0.45, "taker_side": "no", "ticker": "KXINX-26FEB18H1600-B6912", "trade_id": "0be1e26d-bf4d-4d68-e009-ad13f58a93ab", "yes_price": 45, "yes_price_dollars": "0.4500"}
{"count": 39, "count_fp": "39.00", "created_time": "2026-02-18T16:03:05.562699Z", "no_price": 50, "no_price_dollars": "0.5000", "price": 0.5, "taker_side": "yes", "ticker": "KXINX-26FEB18H1600-B6912", "trade_id": "ea2d85be-0dfc-6509-7a5e-a2f1efd42a50", "yes_price": 50, "yes_price_dollars": "0.5000"}
{"count": 12, "count_fp": "12.00", "created_time": "2026-02-18T16:03:05.562699Z", "no_price": 55, "no_price_dollars": "0.5500", "price": 0.45, "taker_side": "yes", "ticker": "KXINX-26FEB18H1600-B6912", "trade_id": "db03242a-25f0-66eb-44ee-81cd24d475c7", "yes_price": 45, "yes_price_dollars": "0.4500"}
{"count": 1, "count_fp": "1.00", "created_time": "2026-02-18T16:03:05.562699Z", "no_price": 55, "no_price_dollars": "0.5500", "price": 0.45, "taker_side": "yes", "ticker": "KXINX-26FEB18H1600-B6912", "trade_id": "b08cb968-5ebb-65f1-5879-e49eb0aba394", "yes_price": 45, "yes_price_dollars": "0.4500"}
{"count": 127, "count_fp": "127.00", "created_time": "2026-02-18T15:57:09.851452Z", "no_price": 61, "no_price_dollars": "0.6100", "price": 0.39, "taker_side": "no", "ticker": "KXINX-26FEB18H1600-B6912", "trade_id": "9374a348-193b-743f-a88a-f913961de87d", "yes_price": 39, "yes_price_dollars": "0.3900"}
{"count": 1, "count_fp": "1.00", "created_time": "2026-02-18T15:57:09.851452Z", "no_price": 60, "no_price_dollars": "0.6000", "price": 0.4, "taker_side": "no", "ticker": "KXINX-26FEB18H1600-B6912", "trade_id": "03b1e6f4-4d5d-7853-b5b2-2a79109323ad", "yes_price": 40, "yes_price_dollars": "0.4000"}
{"count": 60, "count_fp": "60.00", "created_time": "2026-02-18T15:48:05.802089Z", "no_price": 62, "no_price_dollars": "0.6200", "price": 0.38, "taker_side": "yes", "ticker": "KXINX-26FEB18H1600-B6912", "trade_id": "aa97cc8b-682d-5de4-f49f-bbd0241ee241", "yes_price": 38, "yes_price_dollars": "0.3800"}
{"count": 12, "count_fp": "12.00", "created_time": "2026-02-18T15:42:35.592874Z", "no_price": 63, "no_price_dollars": "0.6300", "price": 0.37, "taker_side": "yes", "ticker": "KXINX-26FEB18H1600-B6912", "trade_id": "f83a15b2-6719-660d-4975-4ea95ca8bdd6", "yes_price": 37, "yes_price_dollars": "0.3700"}
{"count": 52, "count_fp": "52.00", "created_time": "2026-02-18T15:42:35.592874Z", "no_price": 62, "no_price_dollars": "0.6200", "price": 0.38, "taker_side": "yes", "ticker": "KXINX-26FEB18H1600-B6912", "trade_id": "120b8835-f535-6824-528e-d69204e51471", "yes_price": 38, "yes_price_dollars": "0.3800"}
{"count": 4, "count_fp": "4.00", "created_time": "2026-02-18T15:14:13.344322Z", "no_price": 69, "no_price_dollars": "0.6900", "price": 0.31, "taker_side": "yes", "ticker": "KXINX-26FEB18H1600-B6912", "trade_id": "0850d7f0-f228-585d-eb9d-9f76536ac549", "yes_price": 31, "yes_price_dollars": "0.3100"}
{"count": 3, "count_fp": "3.00", "created_time": "2026-02-18T15:06:19.930741Z", "no_price": 70, "no_price_dollars": "0.7000", "price": 0.3, "taker_side": "no", "ticker": "KXINX-26FEB18H1600-B6912", "trade_id": "eff123a8-558b-7dab-e903-3bd9fb03bdd4", "yes_price": 30, "yes_price_dollars": "0.3000"}
{"count": 1, "count_fp": "1.00", "created_time": "2026-02-18T15:06:19.930741Z", "no_price": 70, "no_price_dollars": "0.7000", "price": 0.3, "taker_side": "no", "ticker": "KXINX-26FEB18H1600-B6912", "trade_id": "98e09f25-b55c-7184-dab7-9e962c6a4936", "yes_price": 30, "yes_price_dollars": "0.3000"}
{"count": 4, "count_fp": "4.00", "created_time": "2026-02-18T15:06:02.947486Z", "no_price": 69, "no_price_dollars": "0.6900", "price": 0.31, "taker_side": "yes", "ticker": "KXINX-26FEB18H1600-B6912", "trade_id": "278ca080-a9b4-77bd-8dcd-2630782cab45", "yes_price": 31, "yes_price_dollars": "0.3100"}
{"count": 1, "count_fp": "1.00", "created_time": "2026-02-18T15:03:52.568621Z", "no_price": 71, "no_price_dollars": "0.7100", "price": 0.29, "taker_side": "yes", "ticker": "KXINX-26FEB18H1600-B6912", "trade_id": "d473348b-a82e-41af-2aa0-b57df77bc893", "yes_price": 29, "yes_price_dollars": "0.2900"}
{"count": 4, "count_fp": "4.00", "created_time": "2026-02-18T15:03:52.568621Z", "no_price": 69, "no_price_dollars": "0.6900", "price": 0.31, "taker_side": "yes", "ticker": "KXINX-26FEB18H1600-B6912", "trade_id": "420467e1-fdd4-4b51-342f-d7fef115a42d", "yes_price": 31, "yes_price_dollars": "0.3100"}
{"count": 77, "count_fp": "77.00", "created_time": "2026-02-18T14:44:45.047762Z", "no_price": 77, "no_price_dollars": "0.7700", "price": 0.23, "taker_side": "no", "ticker": "KXINX-26FEB18H1600-B6912", "trade_id": "3d4d0f53-57b5-754e-cfe8-88cbedbddf46", "yes_price": 23, "yes_price_dollars": "0.2300"}
{"count": 22, "count_fp": "22.00", "created_time": "2026-02-18T14:44:02.632317Z", "no_price": 77, "no_price_dollars": "0.7700", "price": 0.23, "taker_side": "no", "ticker": "KXINX-26FEB18H1600-B6912", "trade_id": "13899e24-71cd-7aaa-b75a-75abfea81a0a", "yes_price": 23, "yes_price_dollars": "0.2300"}
{"count": 1, "count_fp": "1.00", "created_time": "2026-02-18T14:43:45.495176Z", "no_price": 77, "no_price_dollars": "0.7700", "price": 0.23, "taker_side": "yes", "ticker": "KXINX-26FEB18H1600-B6912", "trade_id": "c8170317-cc6a-5e6c-cdc8-ccfe4fe9b22a", "yes_price": 23, "yes_price_dollars": "0.2300"}
{"count": 21, "count_fp": "21.00", "created_time": "2026-02-18T14:42:17.785877Z", "no_price": 78, "no_price_dollars": "0.7800", "price": 0.22, "taker_side": "yes", "ticker": "KXINX-26FEB18H1600-B6912", "trade_id": "b8619c4a-d0f4-673d-beb2-039195da6b10", "yes_price": 22, "yes_price_dollars": "0.2200"}
{"count": 1, "count_fp": "1.00", "created_time": "2026-02-18T14:42:17.785877Z", "no_price": 79, "no_price_dollars": "0.7900", "price": 0.21, "taker_side": "yes", "ticker": "KXINX-26FEB18H1600-B6912", "trade_id": "139aab92-2f7f-67c3-b377-ace4db50bcb5", "yes_price": 21, "yes_price_dollars": "0.2100"}
{"count": 1, "count_fp": "1.00", "created_time": "2026-02-18T14:40:15.674226Z", "no_price": 85, "no_price_dollars": "0.8500", "price": 0.15, "taker_side": "no", "ticker": "KXINX-26FEB18H1600-B6912", "trade_id": "b392ec87-a8a2-409b-7cb6-9a100b2934d7", "yes_price": 15, "yes_price_dollars": "0.1500"}
{"count": 127, "count_fp": "127.00", "created_time": "2026-02-18T14:36:13.762932Z", "no_price": 82, "no_price_dollars": "0.8200", "price": 0.18, "taker_side": "yes", "ticker": "KXINX-26FEB18H1600-B6912", "trade_id": "e16480bb-02f0-4545-c804-8129b9ba7f64", "yes_price": 18, "yes_price_dollars": "0.1800"}
{"count": 1, "count_fp": "1.00", "created_time": "2026-02-18T14:36:13.762932Z", "no_price": 83, "no_price_dollars": "0.8300", "price": 0.17, "taker_side": "yes", "ticker": "KXINX-26FEB18H1600-B6912", "trade_id": "43b15a2f-3ff2-42f8-df52-56a01d3262ee", "yes_price": 17, "yes_price_dollars": "0.1700"}
{"count": 1, "count_fp": "1.00", "created_time": "2026-02-18T14:35:09.050935Z", "no_price": 87, "no_price_dollars": "0.8700", "price": 0.13, "taker_side": "no", "ticker": "KXINX-26FEB18H1600-B6912", "trade_id": "a762907e-e210-7049-6cf6-ebe9499d8eac", "yes_price": 13, "yes_price_dollars": "0.1300"}
{"count": 10, "count_fp": "10.00", "created_time": "2026-02-18T14:35:05.425891Z", "no_price": 83, "no_price_dollars": "0.8300", "price": 0.17, "taker_side": "yes", "ticker": "KXINX-26FEB18H1600-B6912", "trade_id": "e55b85d9-3f5c-60d9-b114-f6cbaf5aefe4", "yes_price": 17, "yes_price_dollars": "0.1700"}
{"count": 1, "count_fp": "1.00", "created_time": "2026-02-18T14:35:05.425891Z", "no_price": 83, "no_price_dollars": "0.8300", "price": 0.17, "taker_side": "yes", "ticker": "KXINX-26FEB18H1600-B6912", "trade_id": "978dd23b-89a0-612f-9210-8dda71503f52", "yes_price": 17, "yes_price_dollars": "0.1700"}
{"count": 1, "count_fp": "1.00", "created_time": "2026-02-18T14:30:20.847702Z", "no_price": 86, "no_price_dollars": "0.8600", "price": 0.14, "taker_side": "no", "ticker": "KXINX-26FEB18H1600-B6912", "trade_id": "d9312fda-440f-4936-af80-a552dba0a4f8", "yes_price": 14, "yes_price_dollars": "0.1400"}
{"count": 2, "count_fp": "2.00", "created_time": "2026-02-18T14:25:09.382421Z", "no_price": 85, "no_price_dollars": "0.8500", "price": 0.15, "taker_side": "no", "ticker": "KXINX-26FEB18H1600-B6912", "trade_id": "35255cb6-8a8e-7097-f5ad-e0330f536152", "yes_price": 15, "yes_price_dollars": "0.1500"}
{"count": 3, "count_fp": "3.00", "created_time": "2026-02-18T14:20:16.805973Z", "no_price": 85, "no_price_dollars": "0.8500", "price": 0.15, "taker_side": "no", "ticker": "KXINX-26FEB18H1600-B6912", "trade_id": "7eac3f38-c506-425f-ffb0-4589aeb46eb6", "yes_price": 15, "yes_price_dollars": "0.1500"}
{"count": 1, "count_fp": "1.00", "created_time": "2026-02-18T14:20:16.805973Z", "no_price": 85, "no_price_dollars": "0.8500", "price": 0.15, "taker_side": "no", "ticker": "KXINX-26FEB18H1600-B6912", "trade_id": "5a57ed16-ec29-47d5-f459-bc6e6146b407", "yes_price": 15, "yes_price_dollars": "0.1500"}
{"count": 200, "count_fp": "200.00", "created_time": "2026-02-18T20:59:58.60195Z", "no_price": 1, "no_price_dollars": "0.0100", "price": 0.99, "taker_side": "yes", "ticker": "KXINX-26FEB18H1600-B6887", "trade_id": "0ff13bd0-84e4-4777-b488-40f48dd7cbc2", "yes_price": 99, "yes_price_dollars": "0.9900"}
{"count": 4, "count_fp": "4.00", "created_time": "2026-02-18T20:57:05.531956Z", "no_price": 1, "no_price_dollars": "0.0100", "price": 0.99, "taker_side": "yes", "ticker": "KXINX-26FEB18H1600-B6887", "trade_id": "9bb1ca0e-1a38-538f-ec52-ea37e1f85d5e", "yes_price": 99, "yes_price_dollars": "0.9900"}
{"count": 7, "count_fp": "7.00", "created_time": "2026-02-18T20:55:05.094953Z", "no_price": 5, "no_price_dollars": "0.0500", "price": 0.95, "taker_side": "no", "ticker": "KXINX-26FEB18H1600-B6887", "trade_id": "9a64e2ec-db09-4119-9722-772fdde55fdf", "yes_price": 95, "yes_price_dollars": "0.9500"}
{"count": 1050, "count_fp": "1050.00", "created_time": "2026-02-18T20:53:40.490096Z", "no_price": 6, "no_price_dollars": "0.0600", "price": 0.94, "taker_side": "yes", "ticker": "KXINX-26FEB18H1600-B6887", "trade_id": "a3527d04-815b-5777-460a-85f6afa18082", "yes_price": 94, "yes_price_dollars": "0.9400"}
{"count": 26, "count_fp": "26.00", "created_time": "2026-02-18T20:53:39.031054Z", "no_price": 7, "no_price_dollars": "0.0700", "price": 0.93, "taker_side": "no", "ticker": "KXINX-26FEB18H1600-B6887", "trade_id": "c1c1a26f-ebe3-7ddc-c1e2-7bff8f63e055", "yes_price": 93, "yes_price_dollars": "0.9300"}
{"count": 3, "count_fp": "3.00", "created_time": "2026-02-18T20:53:17.244191Z", "no_price": 4, "no_price_dollars": "0.0400", "price": 0.96, "taker_side": "yes", "ticker": "KXINX-26FEB18H1600-B6887", "trade_id": "0306cdbb-6f67-6e0b-454a-8930e81c275e", "yes_price": 96, "yes_price_dollars": "0.9600"}
{"count": 50, "count_fp": "50.00", "created_time": "2026-02-18T20:52:53.42529Z", "no_price": 12, "no_price_dollars": "0.1200", "price": 0.88, "taker_side": "yes", "ticker": "KXINX-26FEB18H1600-B6887", "trade_id": "a3dd077e-4111-4e3a-cc74-3d1b95822e15", "yes_price": 88, "yes_price_dollars": "0.8800"}
{"count": 12, "count_fp": "12.00", "created_time": "2026-02-18T20:50:45.427275Z", "no_price": 19, "no_price_dollars": "0.1900", "price": 0.81, "taker_side": "yes", "ticker": "KXINX-26FEB18H1600-B6887", "trade_id": "c4cb7d52-97be-4d4f-dda7-4e746cd4deb3", "yes_price": 81, "yes_price_dollars": "0.8100"}
{"count": 50, "count_fp": "50.00", "created_time": "2026-02-18T20:50:40.665724Z", "no_price": 22, "no_price_dollars": "0.2200", "price": 0.78, "taker_side": "no", "ticker": "KXINX-26FEB18H1600-B6887", "trade_id": "ec6269f7-fb28-425f-6c6f-831243bf9b8f", "yes_price": 78, "yes_price_dollars": "0.7800"}
{"count": 5, "count_fp": "5.00", "created_time": "2026-02-18T20:49:46.677932Z", "no_price": 21, "no_price_dollars": "0.2100", "price": 0.79, "taker_side": "yes", "ticker": "KXINX-26FEB18H1600-B6887", "trade_id": "37bd736f-f94a-4e3a-c0ab-e56af4f1b75b", "yes_price": 79, "yes_price_dollars": "0.7900"}
{"count": 42, "count_fp": "42.00", "created_time": "2026-02-18T20:49:46.569039Z", "no_price": 20, "no_price_dollars": "0.2000", "price": 0.8, "taker_side": "yes", "ticker": "KXINX-26FEB18H1600-B6887", "trade_id": "c1c86f73-946e-7a7e-e805-0c4fe4391c8f", "yes_price": 80, "yes_price_dollars": "0.8000"}
{"count": 20, "count_fp": "20.00", "created_time": "2026-02-18T20:49:46.569039Z", "no_price": 21, "no_price_dollars": "0.2100", "price": 0.79, "taker_side": "yes", "ticker": "KXINX-26FEB18H1600-B6887", "trade_id": "6188ace3-140e-7384-c58a-d9d9debb9f44", "yes_price": 79, "yes_price_dollars": "0.7900"}
{"count": 90, "count_fp": "90.00", "created_time": "2026-02-18T20:49:03.337082Z", "no_price": 26, "no_price_dollars": "0.2600", "price": 0.74, "taker_side": "yes", "ticker": "KXINX-26FEB18H1600-B6887", "trade_id": "658043bb-cc22-6c7e-21b0-d1da915b3507", "yes_price": 74, "yes_price_dollars": "0.7400"}
{"count": 38, "count_fp": "38.00", "created_time": "2026-02-18T20:48:54.702271Z", "no_price": 26, "no_price_dollars": "0.2600", "price": 0.74, "taker_side": "no", "ticker": "KXINX-26FEB18H1600-B6887", "trade_id": "6f8715cf-5243-4323-d1ba-d176f9e85087", "yes_price": 74, "yes_price_dollars": "0.7400"}
{"count": 5, "count_fp": "5.00", "created_time": "2026-02-18T20:48:53.560512Z", "no_price": 25, "no_price_dollars": "0.2500", "price": 0.75, "taker_side": "no", "ticker": "KXINX-26FEB18H1600-B6887", "trade_id": "8137cd74-4995-4381-d5b7-23030a30e5c7", "yes_price": 75, "yes_price_dollars": "0.7500"}
{"count": 5, "count_fp": "5.00", "created_time": "2026-02-18T20:47:40.840564Z", "no_price": 26, "no_price_dollars": "0.2600", "price": 0.74, "taker_side": "no", "ticker": "KXINX-26FEB18H1600-B6887", "trade_id": "c89f9324-f911-44a8-5229-af56ed757ccf", "yes_price": 74, "yes_price_dollars": "0.7400"}
{"count": 45, "count_fp": "45.00", "created_time": "2026-02-18T20:47:40.840564Z", "no_price": 27, "no_price_dollars": "0.2700", "price": 0.73, "taker_side": "no", "ticker": "KXINX-26FEB18H1600-B6887", "trade_id": "63f7278e-30c8-4f83-4f74-ccd1e5fbf037", "yes_price": 73, "yes_price_dollars": "0.7300"}
{"count": 10, "count_fp": "10.00", "created_time": "2026-02-18T20:47:37.234432Z", "no_price": 24, "no_price_dollars": "0.2400", "price": 0.76, "taker_side": "yes", "ticker": "KXINX-26FEB18H1600-B6887", "trade_id": "7c70cab8-d5fe-4dc0-90cc-9c9a2b40a14e", "yes_price": 76, "yes_price_dollars": "0.7600"}
{"count": 1, "count_fp": "1.00", "created_time": "2026-02-18T20:47:30.923224Z", "no_price": 27, "no_price_dollars": "0.2700", "price": 0.73, "taker_side": "no", "ticker": "KXINX-26FEB18H1600-B6887", "trade_id": "d8fd41b0-4de4-522a-6bba-710821f5eb84", "yes_price": 73, "yes_price_dollars": "0.7300"}
{"count": 9, "count_fp": "9.00", "created_time": "2026-02-18T20:47:30.923224Z", "no_price": 28, "no_price_dollars": "0.2800", "price": 0.72, "taker_side": "no", "ticker": "KXINX-26FEB18H1600-B6887", "trade_id": "7d89e3c3-d04b-55a9-4f20-79d698c70641", "yes_price": 72, "yes_price_dollars": "0.7200"}
{"count": 5, "count_fp": "5.00", "created_time": "2026-02-18T20:46:46.039701Z", "no_price": 36, "no_price_dollars": "0.3600", "price": 0.64, "taker_side": "yes", "ticker": "KXINX-26FEB18H1600-B6887", "trade_id": "05ca731d-e43a-41e9-c6b7-a40a2f1db6d4", "yes_price": 64, "yes_price_dollars": "0.6400"}
{"count": 84, "count_fp": "84.00", "created_time": "2026-02-18T20:46:42.654174Z", "no_price": 37, "no_price_dollars": "0.3700", "price": 0.63, "taker_side": "no", "ticker": "KXINX-26FEB18H1600-B6887", "trade_id": "70d7ba49-f490-46ef-c438-2ae577b15a43", "yes_price": 63, "yes_price_dollars": "0.6300"}
{"count": 1, "count_fp": "1.00", "created_time": "2026-02-18T20:45:38.518418Z", "no_price": 59, "no_price_dollars": "0.5900", "price": 0.41, "taker_side": "yes", "ticker": "KXINX-26FEB18H1600-B6887", "trade_id": "0cee4b22-1cf0-4ba7-fab1-01742dba489f", "yes_price": 41, "yes_price_dollars": "0.4100"}
{"count": 1, "count_fp": "1.00", "created_time": "2026-02-18T20:45:13.35301Z", "no_price": 58, "no_price_dollars": "0.5800", "price": 0.42, "taker_side": "no", "ticker": "KXINX-26FEB18H1600-B6887", "trade_id": "c03e773b-a6da-4dfd-b737-f62456e2d01f", "yes_price": 42, "yes_price_dollars": "0.4200"}
{"count": 1, "count_fp": "1.00", "created_time": "2026-02-18T20:44:51.732976Z", "no_price": 48, "no_price_dollars": "0.4800", "price": 0.52, "taker_side": "no", "ticker": "KXINX-26FEB18H1600-B6887", "trade_id": "2e92e0a8-25ab-4b21-80c2-2e2591a84817", "yes_price": 52, "yes_price_dollars": "0.5200"}
{"count": 1, "count_fp": "1.00", "created_time": "2026-02-18T20:44:30.506203Z", "no_price": 50, "no_price_dollars": "0.5000", "price": 0.5, "taker_side": "yes", "ticker": "KXINX-26FEB18H1600-B6887", "trade_id": "932e167f-908d-4dde-d278-313b5e7ff0b6", "yes_price": 50, "yes_price_dollars": "0.5000"}
{"count": 1, "count_fp": "1.00", "created_time": "2026-02-18T20:44:03.833954Z", "no_price": 49, "no_price_dollars": "0.4900", "price": 0.51, "taker_side": "no", "ticker": "KXINX-26FEB18H1600-B6887", "trade_id": "817169e6-6bbf-4b4b-8f8e-34c1823543eb", "yes_price": 51, "yes_price_dollars": "0.5100"}
{"count": 1, "count_fp": "1.00", "created_time": "2026-02-18T20:43:32.048215Z", "no_price": 51, "no_price_dollars": "0.5100", "price": 0.49, "taker_side": "no", "ticker": "KXINX-26FEB18H1600-B6887", "trade_id": "36019f0b-da58-4de7-dbc5-ce9d0a7fb097", "yes_price": 49, "yes_price_dollars": "0.4900"}
{"count": 1, "count_fp": "1.00", "created_time": "2026-02-18T20:42:40.886385Z", "no_price": 59, "no_price_dollars": "0.5900", "price": 0.41, "taker_side": "yes", "ticker": "KXINX-26FEB18H1600-B6887", "trade_id": "ac896215-09fa-4209-ec56-cd8a84ec3048", "yes_price": 41, "yes_price_dollars": "0.4100"}
{"count": 14, "count_fp": "14.00", "created_time": "2026-02-18T20:41:45.423799Z", "no_price": 66, "no_price_dollars": "0.6600", "price": 0.34, "taker_side": "yes", "ticker": "KXINX-26FEB18H1600-B6887", "trade_id": "4776834b-44f8-4ebf-c2fd-53445a782595", "yes_price": 34, "yes_price_dollars": "0.3400"}
{"count": 1, "count_fp": "1.00", "created_time": "2026-02-18T20:41:44.666342Z", "no_price": 65, "no_price_dollars": "0.6500", "price": 0.35, "taker_side": "no", "ticker": "KXINX-26FEB18H1600-B6887", "trade_id": "ccac7d47-b173-75d4-af6a-c41b0c07a058", "yes_price": 35, "yes_price_dollars": "0.3500"}
{"count": 30, "count_fp": "30.00", "created_time": "2026-02-18T20:41:39.571459Z", "no_price": 63, "no_price_dollars": "0.6300", "price": 0.37, "taker_side": "no", "ticker": "KXINX-26FEB18H1600-B6887", "trade_id": "588c960a-2c5c-763b-2903-394ec6d5f68f", "yes_price": 37, "yes_price_dollars": "0.3700"}
{"count": 1, "count_fp": "1.00", "created_time": "2026-02-18T20:40:57.285081Z", "no_price": 63, "no_price_dollars": "0.6300", "price": 0.37, "taker_side": "no", "ticker": "KXINX-26FEB18H1600-B6887", "trade_id": "43fec420-0989-5218-8943-0e54f2bd7d4d", "yes_price": 37, "yes_price_dollars": "0.3700"}
{"count": 1, "count_fp": "1.00", "created_time": "2026-02-18T20:40:18.524841Z", "no_price": 62, "no_price_dollars": "0.6200", "price": 0.38, "taker_side": "no", "ticker": "KXINX-26FEB18H1600-B6887", "trade_id": "86cef7fd-2b66-5f7d-9019-bf7ee5daf10b", "yes_price": 38, "yes_price_dollars": "0.3800"}
{"count": 1, "count_fp": "1.00", "created_time": "2026-02-18T20:37:37.134207Z", "no_price": 65, "no_price_dollars": "0.6500", "price": 0.35, "taker_side": "yes", "ticker": "KXINX-26FEB18H1600-B6887", "trade_id": "7146e5a0-7665-44ae-d47f-ba9eafabc6a8", "yes_price": 35, "yes_price_dollars": "0.3500"}
{"count": 236, "count_fp": "236.00", "created_time": "2026-02-18T20:37:37.134207Z", "no_price": 62, "no_price_dollars": "0.6200", "price": 0.38, "taker_side": "yes", "ticker": "KXINX-26FEB18H1600-B6887", "trade_id": "48327b95-6a14-45d4-df07-9b534c60d6a6", "yes_price": 38, "yes_price_dollars": "0.3800"}
{"count": 1, "count_fp": "1.00", "created_time": "2026-02-18T20:36:57.705457Z", "no_price": 69, "no_price_dollars": "0.6900", "price": 0.31, "taker_side": "yes", "ticker": "KXINX-26FEB18H1600-B6887", "trade_id": "ec9ef553-747e-6a9f-1265-d7d30e61231e", "yes_price": 31, "yes_price_dollars": "0.3100"}
{"count": 1, "count_fp": "1.00", "created_time": "2026-02-18T20:36:22.922723Z", "no_price": 75, "no_price_dollars": "0.7500", "price": 0.25, "taker_side": "no", "ticker": "KXINX-26FEB18H1600-B6887", "trade_id": "b35bca79-1ee3-5051-8cbe-449d3ac561d0", "yes_price": 25, "yes_price_dollars": "0.2500"}
{"count": 12, "count_fp": "12.00", "created_time": "2026-02-18T20:36:05.220804Z", "no_price": 74, "no_price_dollars": "0.7400", "price": 0.26, "taker_side": "yes", "ticker": "KXINX-26FEB18H1600-B6887", "trade_id": "4d857f4b-1b53-52bd-1ee5-917a8ab964f4", "yes_price": 26, "yes_price_dollars": "0.2600"}
{"count": 72, "count_fp": "72.00", "created_time": "2026-02-18T20:36:05.220804Z", "no_price": 73, "no_price_dollars": "0.7300", "price": 0.27, "taker_side": "yes", "ticker": "KXINX-26FEB18H1600-B6887", "trade_id": "35e74432-c250-5a14-094a-22c58a6beada", "yes_price": 27, "yes_price_dollars": "0.2700"}
{"count": 1, "count_fp": "1.00", "created_time": "2026-02-18T20:36:03.725259Z", "no_price": 73, "no_price_dollars": "0.7300", "price": 0.27, "taker_side": "no", "ticker": "KXINX-26FEB18H1600-B6887", "trade_id": "6a079318-ad84-5963-a005-74dba38586fe", "yes_price": 27, "yes_price_dollars": "0.2700"}
{"count": 1, "count_fp": "1.00", "created_time": "2026-02-18T20:35:21.331022Z", "no_price": 72, "no_price_dollars": "0.7200", "price": 0.28, "taker_side": "yes", "ticker": "KXINX-26FEB18H1600-B6887", "trade_id": "917e9321-0819-6f7d-27cf-40f221ebf4c0", "yes_price": 28, "yes_price_dollars": "0.2800"}
{"count": 13, "count_fp": "13.00", "created_time": "2026-02-18T20:35:20.200792Z", "no_price": 73, "no_price_dollars": "0.7300", "price": 0.27, "taker_side": "yes", "ticker": "KXINX-26FEB18H1600-B6887", "trade_id": "cb52d3ec-d515-669c-2af0-167139f146ce", "yes_price": 27, "yes_price_dollars": "0.2700"}
{"count": 179, "count_fp": "179.00", "created_time": "2026-02-18T20:34:30.825289Z", "no_price": 73, "no_price_dollars": "0.7300", "price": 0.27, "taker_side": "yes", "ticker": "KXINX-26FEB18H1600-B6887", "trade_id": "646f4468-2680-4a2c-e51e-37ed550df7f2", "yes_price": 27, "yes_price_dollars": "0.2700"}
{"count": 1, "count_fp": "1.00", "created_time": "2026-02-18T20:34:30.825289Z", "no_price": 74, "no_price_dollars": "0.7400", "price": 0.26, "taker_side": "yes", "ticker": "KXINX-26FEB18H1600-B6887", "trade_id": "1cfcf764-b5ec-4c96-f4dd-adf81eb2af6d", "yes_price": 26, "yes_price_dollars": "0.2600"}
{"count": 1, "count_fp": "1.00", "created_time": "2026-02-18T20:33:08.237891Z", "no_price": 80, "no_price_dollars": "0.8000", "price": 0.2, "taker_side": "no", "ticker": "KXINX-26FEB18H1600-B6887", "trade_id": "41298e80-7303-530b-8bc1-41383c1cf378", "yes_price": 20, "yes_price_dollars": "0.2000"}
{"count": 1, "count_fp": "1.00", "created_time": "2026-02-18T20:31:07.716246Z", "no_price": 75, "no_price_dollars": "0.7500", "price": 0.25, "taker_side": "yes", "ticker": "KXINX-26FEB18H1600-B6887", "trade_id": "32bb449c-f70d-4949-595b-4e24ff9e0da4", "yes_price": 25, "yes_price_dollars": "0.2500"}
{"count": 179, "count_fp": "179.00", "created_time": "2026-02-18T20:31:07.716246Z", "no_price": 73, "no_price_dollars": "0.7300", "price": 0.27, "taker_side": "yes", "ticker": "KXINX-26FEB18H1600-B6887", "trade_id": "29a72033-64b0-47b8-506f-7e2a2905ee0a", "yes_price": 27, "yes_price_dollars": "0.2700"}
{"count": 6, "count_fp": "6.00", "created_time": "2026-02-18T20:31:03.681917Z", "no_price": 78, "no_price_dollars": "0.7800", "price": 0.22, "taker_side": "no", "ticker": "KXINX-26FEB18H1600-B6887", "trade_id": "1827890a-25e2-55c4-52b5-961b79310e79", "yes_price": 22, "yes_price_dollars": "0.2200"}
{"count": 7, "count_fp": "7.00", "created_time": "2026-02-18T20:30:58.392051Z", "no_price": 79, "no_price_dollars": "0.7900", "price": 0.21, "taker_side": "no", "ticker": "KXINX-26FEB18H1600-B6887", "trade_id": "302aa4c3-50fe-5534-2e70-0de2e892fef1", "yes_price": 21, "yes_price_dollars": "0.2100"}
{"count": 30, "count_fp": "30.00", "created_time": "2026-02-18T20:30:58.375556Z", "no_price": 79, "no_price_dollars": "0.7900", "price": 0.21, "taker_side": "no", "ticker": "KXINX-26FEB18H1600-B6887", "trade_id": "6e196803-86b6-77f8-c13e-6dfe4ab207ed", "yes_price": 21, "yes_price_dollars": "0.2100"}
{"count": 30, "count_fp": "30.00", "created_time": "2026-02-18T20:30:53.291804Z", "no_price": 81, "no_price_dollars": "0.8100", "price": 0.19, "taker_side": "no", "ticker": "KXINX-26FEB18H1600-B6887", "trade_id": "91e01d12-abf6-7c78-f3ca-7e5e73c9cf99", "yes_price": 19, "yes_price_dollars": "0.1900"}
{"count": 1, "count_fp": "1.00", "created_time": "2026-02-18T20:30:52.596154Z", "no_price": 81, "no_price_dollars": "0.8100", "price": 0.19, "taker_side": "no", "ticker": "KXINX-26FEB18H1600-B6887", "trade_id": "d1d83390-8351-512c-4d33-2305b6130474", "yes_price": 19, "yes_price_dollars": "0.1900"}
{"count": 1, "count_fp": "1.00", "created_time": "2026-02-18T20:30:33.465772Z", "no_price": 85, "no_price_dollars": "0.8500", "price": 0.15, "taker_side": "yes", "ticker": "KXINX-26FEB18H1600-B6887", "trade_id": "247e1830-12d1-6f93-39b3-a23167003ff1", "yes_price": 15, "yes_price_dollars": "0.1500"}
{"count": 25, "count_fp": "25.00", "created_time": "2026-02-18T20:30:12.409729Z", "no_price": 89, "no_price_dollars": "0.8900", "price": 0.11, "taker_side": "no", "ticker": "KXINX-26FEB18H1600-B6887", "trade_id": "78298ebb-4c22-6e82-0054-9df5deabd928", "yes_price": 11, "yes_price_dollars": "0.1100"}
{"count": 1, "count_fp": "1.00", "created_time": "2026-02-18T20:24:32.142389Z", "no_price": 86, "no_price_dollars": "0.8600", "price": 0.14, "taker_side": "yes", "ticker": "KXINX-26FEB18H1600-B6887", "trade_id": "8d3af965-ef75-4a79-5ce7-347978caf788", "yes_price": 14, "yes_price_dollars": "0.1400"}
{"count": 1, "count_fp": "1.00", "created_time": "2026-02-18T20:23:41.705489Z", "no_price": 88, "no_price_dollars": "0.8800", "price": 0.12, "taker_side": "yes", "ticker": "KXINX-26FEB18H1600-B6887", "trade_id": "3619016f-12d6-456d-6899-f52d85bc8d6e", "yes_price": 12, "yes_price_dollars": "0.1200"}
{"count": 1, "count_fp": "1.00", "created_time": "2026-02-18T20:21:46.490069Z", "no_price": 88, "no_price_dollars": "0.8800", "price": 0.12, "taker_side": "yes", "ticker": "KXINX-26FEB18H1600-B6887", "trade_id": "9f7b53fb-88d9-5750-ed9c-0b9092afae48", "yes_price": 12, "yes_price_dollars": "0.1200"}
{"count": 1, "count_fp": "1.00", "created_time": "2026-02-18T20:20:31.914691Z", "no_price": 87, "no_price_dollars": "0.8700", "price": 0.13, "taker_side": "no", "ticker": "KXINX-26FEB18H1600-B6887", "trade_id": "6a15ecf9-07ee-42b1-de32-1800bf0ee5d0", "yes_price": 13, "yes_price_dollars": "0.1300"}
{"count": 1, "count_fp": "1.00", "created_time": "2026-02-18T20:15:22.887433Z", "no_price": 83, "no_price_dollars": "0.8300", "price": 0.17, "taker_side": "no", "ticker": "KXINX-26FEB18H1600-B6887", "trade_id": "f77d0187-ef73-5cd8-8500-3bef5fb979da", "yes_price": 17, "yes_price_dollars": "0.1700"}
{"count": 187, "count_fp": "187.00", "created_time": "2026-02-18T20:08:39.731367Z", "no_price": 74, "no_price_dollars": "0.7400", "price": 0.26, "taker_side": "yes", "ticker": "KXINX-26FEB18H1600-B6887", "trade_id": "b7ccf117-f018-7318-bed9-e55418dd7db6", "yes_price": 26, "yes_price_dollars": "0.2600"}
{"count": 1, "count_fp": "1.00", "created_time": "2026-02-18T20:08:35.533029Z", "no_price": 72, "no_price_dollars": "0.7200", "price": 0.28, "taker_side": "no", "ticker": "KXINX-26FEB18H1600-B6887", "trade_id": "043a9dbe-62d6-55e3-9766-f394d7110190", "yes_price": 28, "yes_price_dollars": "0.2800"}
{"count": 1, "count_fp": "1.00", "created_time": "2026-02-18T20:07:49.262956Z", "no_price": 74, "no_price_dollars": "0.7400", "price": 0.26, "taker_side": "yes", "ticker": "KXINX-26FEB18H1600-B6887", "trade_id": "a59e5c22-685e-5ac2-8ac6-c95667c79c8e", "yes_price": 26, "yes_price_dollars": "0.2600"}
{"count": 1, "count_fp": "1.00", "created_time": "2026-02-18T20:02:25.220813Z", "no_price": 60, "no_price_dollars": "0.6000", "price": 0.4, "taker_side": "yes", "ticker": "KXINX-26FEB18H1600-B6887", "trade_id": "558f1cfc-048f-5aaa-a8ad-587b67af2296", "yes_price": 40, "yes_price_dollars": "0.4000"}
{"count": 4, "count_fp": "4.00", "created_time": "2026-02-18T20:02:17.17581Z", "no_price": 63, "no_price_dollars": "0.6300", "price": 0.37, "taker_side": "no", "ticker": "KXINX-26FEB18H1600-B6887", "trade_id": "dc271132-a9cc-5a8d-2fd4-e7b0b9366b8b", "yes_price": 37, "yes_price_dollars": "0.3700"}
{"count": 300, "count_fp": "300.00", "created_time": "2026-02-18T20:00:39.883686Z", "no_price": 67, "no_price_dollars": "0.6700", "price": 0.33, "taker_side": "yes", "ticker": "KXINX-26FEB18H1600-B6887", "trade_id": "5e7e27b6-aef6-5a13-ba2e-0548efa0e9de", "yes_price": 33, "yes_price_dollars": "0.3300"}
{"count": 25, "count_fp": "25.00", "created_time": "2026-02-18T20:00:32.707602Z", "no_price": 70, "no_price_dollars": "0.7000", "price": 0.3, "taker_side": "no", "ticker": "KXINX-26FEB18H1600-B6887", "trade_id": "4d7c59d8-b0e4-7469-e4f7-aeaa6addf76f", "yes_price": 30, "yes_price_dollars": "0.3000"}
{"count": 1, "count_fp": "1.00", "created_time": "2026-02-18T20:00:27.096523Z", "no_price": 71, "no_price_dollars": "0.7100", "price": 0.29, "taker_side": "no", "ticker": "KXINX-26FEB18H1600-B6887", "trade_id": "4f6f99e6-10c4-5019-9cc2-f4d31ac3d003", "yes_price": 29, "yes_price_dollars": "0.2900"}
{"count": 57, "count_fp": "57.00", "created_time": "2026-02-18T20:00:06.060044Z", "no_price": 72, "no_price_dollars": "0.7200", "price": 0.28, "taker_side": "yes", "ticker": "KXINX-26FEB18H1600-B6887", "trade_id": "06ec5b31-99fb-5124-9f26-700ece110cad", "yes_price": 28, "yes_price_dollars": "0.2800"}
{"count": 1, "count_fp": "1.00", "created_time": "2026-02-18T19:52:38.735606Z", "no_price": 62, "no_price_dollars": "0.6200", "price": 0.38, "taker_side": "no", "ticker": "KXINX-26FEB18H1600-B6887", "trade_id": "92770652-4573-5f72-3c07-eccd84c4ec46", "yes_price": 38, "yes_price_dollars": "0.3800"}
{"count": 10, "count_fp": "10.00", "created_time": "2026-02-18T19:48:57.565825Z", "no_price": 53, "no_price_dollars": "0.5300", "price": 0.47, "taker_side": "no", "ticker": "KXINX-26FEB18H1600-B6887", "trade_id": "8c9efb4a-614f-5f8f-24d0-7d391d57aae0", "yes_price": 47, "yes_price_dollars": "0.4700"}
{"count": 10, "count_fp": "10.00", "created_time": "2026-02-18T19:40:09.483503Z", "no_price": 60, "no_price_dollars": "0.6000", "price": 0.4, "taker_side": "yes", "ticker": "KXINX-26FEB18H1600-B6887", "trade_id": "7710bad5-66ea-56ec-bbc7-72fa26bda684", "yes_price": 40, "yes_price_dollars": "0.4000"}
{"count": 1, "count_fp": "1.00", "created_time": "2026-02-18T19:36:18.310903Z", "no_price": 56, "no_price_dollars": "0.5600", "price": 0.44, "taker_side": "no", "ticker": "KXINX-26FEB18H1600-B6887", "trade_id": "6098bdb8-d998-5300-0704-72f4aeaf30cf", "yes_price": 44, "yes_price_dollars": "0.4400"}
{"count": 1, "count_fp": "1.00", "created_time": "2026-02-18T19:34:33.601177Z", "no_price": 49, "no_price_dollars": "0.4900", "price": 0.51, "taker_side": "no", "ticker": "KXINX-26FEB18H1600-B6887", "trade_id": "d8412f5b-2c18-4561-8713-b6017096b4bd", "yes_price": 51, "yes_price_dollars": "0.5100"}
{"count": 9, "count_fp": "9.00", "created_time": "2026-02-18T19:34:33.601177Z", "no_price": 51, "no_price_dollars": "0.5100", "price": 0.49, "taker_side": "no", "ticker": "KXINX-26FEB18H1600-B6887", "trade_id": "64a60b2f-ffdb-452e-b4d1-124ed9624e63", "yes_price": 49, "yes_price_dollars": "0.4900"}
{"count": 9, "count_fp": "9.00", "created_time": "2026-02-18T19:34:33.601177Z", "no_price": 50, "no_price_dollars": "0.5000", "price": 0.5, "taker_side": "no", "ticker": "KXINX-26FEB18H1600-B6887", "trade_id": "30829287-1724-45d3-b99b-1c1a20bbc52d", "yes_price": 50, "yes_price_dollars": "0.5000"}
{"count": 200, "count_fp": "200.00", "created_time": "2026-02-18T19:34:07.731237Z", "no_price": 49, "no_price_dollars": "0.4900", "price": 0.51, "taker_side": "no", "ticker": "KXINX-26FEB18H1600-B6887", "trade_id": "fac2aaf1-7240-5b1c-2d35-f9c6891f360b", "yes_price": 51, "yes_price_dollars": "0.5100"}
{"count": 1, "count_fp": "1.00", "created_time": "2026-02-18T19:31:42.472863Z", "no_price": 49, "no_price_dollars": "0.4900", "price": 0.51, "taker_side": "no", "ticker": "KXINX-26FEB18H1600-B6887", "trade_id": "d802ad4d-8389-57fe-1b18-d88ba6a278a6", "yes_price": 51, "yes_price_dollars": "0.5100"}
{"count": 9, "count_fp": "9.00", "created_time": "2026-02-18T19:31:42.340883Z", "no_price": 48, "no_price_dollars": "0.4800", "price": 0.52, "taker_side": "no", "ticker": "KXINX-26FEB18H1600-B6887", "trade_id": "4389398e-c9c7-5e80-2434-1aa2b6b0f85f", "yes_price": 52, "yes_price_dollars": "0.5200"}
{"count": 30, "count_fp": "30.00", "created_time": "2026-02-18T19:30:14.296824Z", "no_price": 44, "no_price_dollars": "0.4400", "price": 0.56, "taker_side": "no", "ticker": "KXINX-26FEB18H1600-B6887", "trade_id": "e6d99078-b8df-47f6-8117-b0b661d4018f", "yes_price": 56, "yes_price_dollars": "0.5600"}
{"count": 9, "count_fp": "9.00", "created_time": "2026-02-18T19:30:14.296824Z", "no_price": 43, "no_price_dollars": "0.4300", "price": 0.57, "taker_side": "no", "ticker": "KXINX-26FEB18H1600-B6887", "trade_id": "2ca41847-b5e8-45a0-8b6f-a092828d9b21", "yes_price": 57, "yes_price_dollars": "0.5700"}
{"count": 1, "count_fp": "1.00", "created_time": "2026-02-18T19:30:14.296824Z", "no_price": 44, "no_price_dollars": "0.4400", "price": 0.56, "taker_side": "no", "ticker": "KXINX-26FEB18H1600-B6887", "trade_id": "24bd1119-c11a-4a2c-9ef6-8d6c9a830ef3", "yes_price": 56, "yes_price_dollars": "0.5600"}
{"count": 1, "count_fp": "1.00", "created_time": "2026-02-18T19:28:12.510747Z", "no_price": 43, "no_price_dollars": "0.4300", "price": 0.57, "taker_side": "no", "ticker": "KXINX-26FEB18H1600-B6887", "trade_id": "b6d27dc2-345e-7fd5-2208-4a35f72231fd", "yes_price": 57, "yes_price_dollars": "0.5700"}
{"count": 8, "count_fp": "8.00", "created_time": "2026-02-18T19:16:43.277374Z", "no_price": 44, "no_price_dollars": "0.4400", "price": 0.56, "taker_side": "yes", "ticker": "KXINX-26FEB18H1600-B6887", "trade_id": "8c0fe889-87e7-47c1-1fd6-abaa98b59361", "yes_price": 56, "yes_price_dollars": "0.5600"}
{"count": 2, "count_fp": "2.00", "created_time": "2026-02-18T19:15:55.956098Z", "no_price": 45, "no_price_dollars": "0.4500", "price": 0.55, "taker_side": "no", "ticker": "KXINX-26FEB18H1600-B6887", "trade_id": "e71037e3-42b1-5130-fde9-0bb05bfe1a17", "yes_price": 55, "yes_price_dollars": "0.5500"}
{"count": 26, "count_fp": "26.00", "created_time": "2026-02-18T19:15:55.956098Z", "no_price": 47, "no_price_dollars": "0.4700", "price": 0.53, "taker_side": "no", "ticker": "KXINX-26FEB18H1600-B6887", "trade_id": "427356af-7f12-598d-f9e8-c86f545f5f0f", "yes_price": 53, "yes_price_dollars": "0.5300"}
{"count": 10, "count_fp": "10.00", "created_time": "2026-02-18T19:15:55.956098Z", "no_price": 46, "no_price_dollars": "0.4600", "price": 0.54, "taker_side": "no", "ticker": "KXINX-26FEB18H1600-B6887", "trade_id": "20ea3def-3f70-5519-d200-7505a5517480", "yes_price": 54, "yes_price_dollars": "0.5400"}
{"count": 17, "count_fp": "17.00", "created_time": "2026-02-18T19:15:55.956098Z", "no_price": 48, "no_price_dollars": "0.4800", "price": 0.52, "taker_side": "no", "ticker": "KXINX-26FEB18H1600-B6887", "trade_id": "1ea4e9df-cf8f-53ee-dc99-dc3bd9fde1bb", "yes_price": 52, "yes_price_dollars": "0.5200"}
{"count": 1, "count_fp": "1.00", "created_time": "2026-02-18T19:15:55.956098Z", "no_price": 45, "no_price_dollars": "0.4500", "price": 0.55, "taker_side": "no", "ticker": "KXINX-26FEB18H1600-B6887", "trade_id": "1133f491-1ba3-5599-d15e-c4e551c0233f", "yes_price": 55, "yes_price_dollars": "0.5500"}
{"count": 200, "count_fp": "200.00", "created_time": "2026-02-18T19:12:24.666076Z", "no_price": 45, "no_price_dollars": "0.4500", "price": 0.55, "taker_side": "yes", "ticker": "KXINX-26FEB18H1600-B6887", "trade_id": "3d1fb9b5-cbaa-70e1-f4f1-346dba82e7ce", "yes_price": 55, "yes_price_dollars": "0.5500"}
{"count": 1, "count_fp": "1.00", "created_time": "2026-02-18T19:05:19.23214Z", "no_price": 49, "no_price_dollars": "0.4900", "price": 0.51, "taker_side": "yes", "ticker": "KXINX-26FEB18H1600-B6887", "trade_id": "6ce2f2e3-03d3-68c1-f281-7800ccfd59fb", "yes_price": 51, "yes_price_dollars": "0.5100"}
{"count": 12, "count_fp": "12.00", "created_time": "2026-02-18T19:05:19.23214Z", "no_price": 47, "no_price_dollars": "0.4700", "price": 0.53, "taker_side": "yes", "ticker": "KXINX-26FEB18H1600-B6887", "trade_id": "2b08d61e-9fb3-63b8-e464-905077d9f7ee", "yes_price": 53, "yes_price_dollars": "0.5300"}
{"count": 9, "count_fp": "9.00", "created_time": "2026-02-18T19:05:19.23214Z", "no_price": 46, "no_price_dollars": "0.4600", "price": 0.54, "taker_side": "yes", "ticker": "KXINX-26FEB18H1600-B6887", "trade_id": "1dac5886-4908-6f47-e89e-58f8568200ec", "yes_price": 54, "yes_price_dollars": "0.5400"}
{"count": 1, "count_fp": "1.00", "created_time": "2026-02-18T19:04:15.469038Z", "no_price": 50, "no_price_dollars": "0.5000", "price": 0.5, "taker_side": "yes", "ticker": "KXINX-26FEB18H1600-B6887", "trade_id": "69eb708f-2fde-4f1c-0552-24e4d4cefd86", "yes_price": 50, "yes_price_dollars": "0.5000"}
{"count": 3, "count_fp": "3.00", "created_time": "2026-02-18T19:00:36.885876Z", "no_price": 56, "no_price_dollars": "0.5600", "price": 0.44, "taker_side": "yes", "ticker": "KXINX-26FEB18H1600-B6887", "trade_id": "9f94e70e-cc2d-7a5d-7373-3cb53cf3461b", "yes_price": 44, "yes_price_dollars": "0.4400"}
{"count": 1, "count_fp": "1.00", "created_time": "2026-02-18T19:00:30.427262Z", "no_price": 53, "no_price_dollars": "0.5300", "price": 0.47, "taker_side": "no", "ticker": "KXINX-26FEB18H1600-B6887", "trade_id": "f3bf8a9f-48a8-518d-f5d5-52983e7efb6b", "yes_price": 47, "yes_price_dollars": "0.4700"}
{"count": 8, "count_fp": "8.00", "created_time": "2026-02-18T19:00:30.427262Z", "no_price": 54, "no_price_dollars": "0.5400", "price": 0.46, "taker_side": "no", "ticker": "KXINX-26FEB18H1600-B6887", "trade_id": "52e96f2a-aab3-5225-d659-7383cf59dc6d", "yes_price": 46, "yes_price_dollars": "0.4600"}
{"count": 1, "count_fp": "1.00", "created_time": "2026-02-18T19:00:25.529709Z", "no_price": 52, "no_price_dollars": "0.5200", "price": 0.48, "taker_side": "no", "ticker": "KXINX-26FEB18H1600-B6887", "trade_id": "632339b1-82bc-49eb-c16c-6e2dee9f6df4", "yes_price": 48, "yes_price_dollars": "0.4800"}
{"count": 1, "count_fp": "1.00", "created_time": "2026-02-18T18:52:22.78055Z", "no_price": 52, "no_price_dollars": "0.5200", "price": 0.48, "taker_side": "no", "ticker": "KXINX-26FEB18H1600-B6887", "trade_id": "62ab88c5-01b7-719c-1ebe-f371827e6d79", "yes_price": 48, "yes_price_dollars": "0.4800"}
{"count": 8, "count_fp": "8.00", "created_time": "2026-02-18T18:47:57.076801Z", "no_price": 52, "no_price_dollars": "0.5200", "price": 0.48, "taker_side": "yes", "ticker": "KXINX-26FEB18H1600-B6887", "trade_id": "118047e6-b245-63fe-f071-8e94167df999", "yes_price": 48, "yes_price_dollars": "0.4800"}
{"count": 1, "count_fp": "1.00", "created_time": "2026-02-18T18:45:44.839501Z", "no_price": 53, "no_price_dollars": "0.5300", "price": 0.47, "taker_side": "no", "ticker": "KXINX-26FEB18H1600-B6887", "trade_id": "805d41c9-58c1-556d-3b15-eb0c2caacbe2", "yes_price": 47, "yes_price_dollars": "0.4700"}
{"count": 8, "count_fp": "8.00", "created_time": "2026-02-18T18:44:03.557032Z", "no_price": 53, "no_price_dollars": "0.5300", "price": 0.47, "taker_side": "no", "ticker": "KXINX-26FEB18H1600-B6887", "trade_id": "96c0fbca-0cf0-5348-0de5-91865e7987dc", "yes_price": 47, "yes_price_dollars": "0.4700"}
{"count": 1, "count_fp": "1.00", "created_time": "2026-02-18T18:44:00.528914Z", "no_price": 53, "no_price_dollars": "0.5300", "price": 0.47, "taker_side": "yes", "ticker": "KXINX-26FEB18H1600-B6887", "trade_id": "00b6447a-62f0-5466-0895-17274af557e7", "yes_price": 47, "yes_price_dollars": "0.4700"}
{"count": 12, "count_fp": "12.00", "created_time": "2026-02-18T18:43:53.621231Z", "no_price": 53, "no_price_dollars": "0.5300", "price": 0.47, "taker_side": "no", "ticker": "KXINX-26FEB18H1600-B6887", "trade_id": "02b38702-2060-57a5-379f-855e02c7a5a7", "yes_price": 47, "yes_price_dollars": "0.4700"}
{"count": 8, "count_fp": "8.00", "created_time": "2026-02-18T18:43:32.31709Z", "no_price": 50, "no_price_dollars": "0.5000", "price": 0.5, "taker_side": "yes", "ticker": "KXINX-26FEB18H1600-B6887", "trade_id": "8762ddae-1d3c-790f-e9df-fb019d066a86", "yes_price": 50, "yes_price_dollars": "0.5000"}
{"count": 10, "count_fp": "10.00", "created_time": "2026-02-18T18:43:29.226484Z", "no_price": 50, "no_price_dollars": "0.5000", "price": 0.5, "taker_side": "yes", "ticker": "KXINX-26FEB18H1600-B6887", "trade_id": "fc6cd36e-2062-70aa-dbf6-8d488a34df6d", "yes_price": 50, "yes_price_dollars": "0.5000"}
{"count": 10, "count_fp": "10.00", "created_time": "2026-02-18T18:43:21.549499Z", "no_price": 50, "no_price_dollars": "0.5000", "price": 0.5, "taker_side": "yes", "ticker": "KXINX-26FEB18H1600-B6887", "trade_id": "c5956a54-df75-77eb-e62d-139643102744", "yes_price": 50, "yes_price_dollars": "0.5000"}
{"count": 1, "count_fp": "1.00", "created_time": "2026-02-18T18:43:21.549499Z", "no_price": 50, "no_price_dollars": "0.5000", "price": 0.5, "taker_side": "yes", "ticker": "KXINX-26FEB18H1600-B6887", "trade_id": "4c191450-e9ac-73fd-dd59-d37eaff0be57", "yes_price": 50, "yes_price_dollars": "0.5000"}
{"count": 9, "count_fp": "9.00", "created_time": "2026-02-18T18:42:11.191665Z", "no_price": 51, "no_price_dollars": "0.5100", "price": 0.49, "taker_side": "yes", "ticker": "KXINX-26FEB18H1600-B6887", "trade_id": "b8867fd3-1281-7563-c3ca-017e9252983f", "yes_price": 49, "yes_price_dollars": "0.4900"}
{"count": 1, "count_fp": "1.00", "created_time": "2026-02-18T18:34:31.457511Z", "no_price": 56, "no_price_dollars": "0.5600", "price": 0.44, "taker_side": "no", "ticker": "KXINX-26FEB18H1600-B6887", "trade_id": "5255d2c7-b794-5c40-257b-7a4e57ec6a77", "yes_price": 44, "yes_price_dollars": "0.4400"}
{"count": 1, "count_fp": "1.00", "created_time": "2026-02-18T18:27:28.885501Z", "no_price": 59, "no_price_dollars": "0.5900", "price": 0.41, "taker_side": "no", "ticker": "KXINX-26FEB18H1600-B6887", "trade_id": "101c5ad7-4129-527d-05bf-b84c9a984a4a", "yes_price": 41, "yes_price_dollars": "0.4100"}
{"count": 12, "count_fp": "12.00", "created_time": "2026-02-18T18:27:16.70037Z", "no_price": 55, "no_price_dollars": "0.5500", "price": 0.45, "taker_side": "yes", "ticker": "KXINX-26FEB18H1600-B6887", "trade_id": "292b5dc6-bab3-77b7-ed9c-6e5d740ea620", "yes_price": 45, "yes_price_dollars": "0.4500"}
{"count": 12, "count_fp": "12.00", "created_time": "2026-02-18T18:27:16.008974Z", "no_price": 59, "no_price_dollars": "0.5900", "price": 0.41, "taker_side": "yes", "ticker": "KXINX-26FEB18H1600-B6887", "trade_id": "64acb961-5d68-739c-f0ef-ed0c1b302e8a", "yes_price": 41, "yes_price_dollars": "0.4100"}
{"count": 112, "count_fp": "112.00", "created_time": "2026-02-18T18:26:16.669828Z", "no_price": 62, "no_price_dollars": "0.6200", "price": 0.38, "taker_side": "yes", "ticker": "KXINX-26FEB18H1600-B6887", "trade_id": "ed657b7d-1b36-79a8-cf9f-1e46df42a637", "yes_price": 38, "yes_price_dollars": "0.3800"}
{"count": 11, "count_fp": "11.00", "created_time": "2026-02-18T18:26:14.360708Z", "no_price": 63, "no_price_dollars": "0.6300", "price": 0.37, "taker_side": "yes", "ticker": "KXINX-26FEB18H1600-B6887", "trade_id": "4fe1295f-703d-72e5-cefc-be5f0c7a9b35", "yes_price": 37, "yes_price_dollars": "0.3700"}
{"count": 1, "count_fp": "1.00", "created_time": "2026-02-18T18:22:07.62056Z", "no_price": 65, "no_price_dollars": "0.6500", "price": 0.35, "taker_side": "yes", "ticker": "KXINX-26FEB18H1600-B6887", "trade_id": "5703461c-72f5-7bab-30e2-59ae1536faa0", "yes_price": 35, "yes_price_dollars": "0.3500"}
{"count": 1, "count_fp": "1.00", "created_time": "2026-02-18T17:54:51.821396Z", "no_price": 63, "no_price_dollars": "0.6300", "price": 0.37, "taker_side": "yes", "ticker": "KXINX-26FEB18H1600-B6887", "trade_id": "7239012c-4435-5d71-0f86-ff861e8cf2a5", "yes_price": 37, "yes_price_dollars": "0.3700"}
{"count": 1, "count_fp": "1.00", "created_time": "2026-02-18T17:39:54.519058Z", "no_price": 65, "no_price_dollars": "0.6500", "price": 0.35, "taker_side": "yes", "ticker": "KXINX-26FEB18H1600-B6887", "trade_id": "2c07b050-3666-5ea0-e19b-51989e799d74", "yes_price": 35, "yes_price_dollars": "0.3500"}
{"count": 1, "count_fp": "1.00", "created_time": "2026-02-18T17:26:24.481347Z", "no_price": 68, "no_price_dollars": "0.6800", "price": 0.32, "taker_side": "yes", "ticker": "KXINX-26FEB18H1600-B6887", "trade_id": "c1933591-b30e-7d23-1704-5d754f32e687", "yes_price": 32, "yes_price_dollars": "0.3200"}
{"count": 1, "count_fp": "1.00", "created_time": "2026-02-18T17:22:18.96703Z", "no_price": 71, "no_price_dollars": "0.7100", "price": 0.29, "taker_side": "yes", "ticker": "KXINX-26FEB18H1600-B6887", "trade_id": "fd0fe9a8-9ff9-734d-6c05-63ffa4439ab4", "yes_price": 29, "yes_price_dollars": "0.2900"}
{"count": 13, "count_fp": "13.00", "created_time": "2026-02-18T17:22:18.96703Z", "no_price": 71, "no_price_dollars": "0.7100", "price": 0.29, "taker_side": "yes", "ticker": "KXINX-26FEB18H1600-B6887", "trade_id": "49f74753-bb6a-779c-6cbc-335d6e65d14f", "yes_price": 29, "yes_price_dollars": "0.2900"}
{"count": 1, "count_fp": "1.00", "created_time": "2026-02-18T17:22:02.044494Z", "no_price": 72, "no_price_dollars": "0.7200", "price": 0.28, "taker_side": "yes", "ticker": "KXINX-26FEB18H1600-B6887", "trade_id": "3434e69f-38e4-51bd-bfc2-b7caa643378b", "yes_price": 28, "yes_price_dollars": "0.2800"}
{"count": 1, "count_fp": "1.00", "created_time": "2026-02-18T17:02:07.029937Z", "no_price": 67, "no_price_dollars": "0.6700", "price": 0.33, "taker_side": "yes", "ticker": "KXINX-26FEB18H1600-B6887", "trade_id": "5ce801ce-83bf-467e-f2ea-04ea146b01bc", "yes_price": 33, "yes_price_dollars": "0.3300"}
{"count": 1, "count_fp": "1.00", "created_time": "2026-02-18T17:01:30.738051Z", "no_price": 67, "no_price_dollars": "0.6700", "price": 0.33, "taker_side": "no", "ticker": "KXINX-26FEB18H1600-B6887", "trade_id": "e98d0bc5-bda3-7b37-8d16-5478ff9abd49", "yes_price": 33, "yes_price_dollars": "0.3300"}
{"count": 1897, "count_fp": "1897.00", "created_time": "2026-02-18T16:54:17.708322Z", "no_price": 68, "no_price_dollars": "0.6800", "price": 0.32, "taker_side": "yes", "ticker": "KXINX-26FEB18H1600-B6887", "trade_id": "e5d072a2-6078-552d-1648-1cf6f7ae2c9f", "yes_price": 32, "yes_price_dollars": "0.3200"}
{"count": 1, "count_fp": "1.00", "created_time": "2026-02-18T16:53:50.86007Z", "no_price": 70, "no_price_dollars": "0.7000", "price": 0.3, "taker_side": "no", "ticker": "KXINX-26FEB18H1600-B6887", "trade_id": "180f0989-c869-7d64-19c0-e6fadfdbc015", "yes_price": 30, "yes_price_dollars": "0.3000"}
{"count": 12, "count_fp": "12.00", "created_time": "2026-02-18T16:52:26.320456Z", "no_price": 69, "no_price_dollars": "0.6900", "price": 0.31, "taker_side": "yes", "ticker": "KXINX-26FEB18H1600-B6887", "trade_id": "c601e8f0-ded5-5018-1c30-47b60a72ba28", "yes_price": 31, "yes_price_dollars": "0.3100"}
{"count": 3, "count_fp": "3.00", "created_time": "2026-02-18T16:52:26.320456Z", "no_price": 68, "no_price_dollars": "0.6800", "price": 0.32, "taker_side": "yes", "ticker": "KXINX-26FEB18H1600-B6887", "trade_id": "9cac8290-ae62-587d-3246-7f8a65469cae", "yes_price": 32, "yes_price_dollars": "0.3200"}
{"count": 1, "count_fp": "1.00", "created_time": "2026-02-18T16:39:41.358809Z", "no_price": 73, "no_price_dollars": "0.7300", "price": 0.27, "taker_side": "yes", "ticker": "KXINX-26FEB18H1600-B6887", "trade_id": "8591cbfc-2a8b-4b89-2f53-821150ad2cfb", "yes_price": 27, "yes_price_dollars": "0.2700"}
{"count": 99, "count_fp": "99.00", "created_time": "2026-02-18T16:39:41.358809Z", "no_price": 72, "no_price_dollars": "0.7200", "price": 0.28, "taker_side": "yes", "ticker": "KXINX-26FEB18H1600-B6887", "trade_id": "13969210-6576-4c64-3bc7-006d91924420", "yes_price": 28, "yes_price_dollars": "0.2800"}
{"count": 4, "count_fp": "4.00", "created_time": "2026-02-18T16:36:16.296623Z", "no_price": 75, "no_price_dollars": "0.7500", "price": 0.25, "taker_side": "yes", "ticker": "KXINX-26FEB18H1600-B6887", "trade_id": "9f8400f6-4aa6-78fe-76eb-2cfaf0b483c5", "yes_price": 25, "yes_price_dollars": "0.2500"}
{"count": 1, "count_fp": "1.00", "created_time": "2026-02-18T16:31:14.954055Z", "no_price": 75, "no_price_dollars": "0.7500", "price": 0.25, "taker_side": "no", "ticker": "KXINX-26FEB18H1600-B6887", "trade_id": "3a46353e-c5d7-4be8-7386-c40548b4b360", "yes_price": 25, "yes_price_dollars": "0.2500"}
{"count": 3, "count_fp": "3.00", "created_time": "2026-02-18T16:28:30.007208Z", "no_price": 72, "no_price_dollars": "0.7200", "price": 0.28, "taker_side": "no", "ticker": "KXINX-26FEB18H1600-B6887", "trade_id": "2dfeb1a7-fa11-6435-eca4-60e140f16053", "yes_price": 28, "yes_price_dollars": "0.2800"}
{"count": 493, "count_fp": "493.00", "created_time": "2026-02-18T16:16:09.589694Z", "no_price": 75, "no_price_dollars": "0.7500", "price": 0.25, "taker_side": "no", "ticker": "KXINX-26FEB18H1600-B6887", "trade_id": "791be132-cca1-6bb9-ca32-399ea224918f", "yes_price": 25, "yes_price_dollars": "0.2500"}
{"count": 36, "count_fp": "36.00", "created_time": "2026-02-18T16:15:12.826295Z", "no_price": 74, "no_price_dollars": "0.7400", "price": 0.26, "taker_side": "no", "ticker": "KXINX-26FEB18H1600-B6887", "trade_id": "ff067eec-abc7-67d6-cce9-5c5eb625478d", "yes_price": 26, "yes_price_dollars": "0.2600"}
{"count": 198, "count_fp": "198.00", "created_time": "2026-02-18T16:12:06.738597Z", "no_price": 72, "no_price_dollars": "0.7200", "price": 0.28, "taker_side": "no", "ticker": "KXINX-26FEB18H1600-B6887", "trade_id": "e4646dc4-008e-5585-64ac-8148950e4cac", "yes_price": 28, "yes_price_dollars": "0.2800"}
{"count": 1, "count_fp": "1.00", "created_time": "2026-02-18T16:10:52.516053Z", "no_price": 72, "no_price_dollars": "0.7200", "price": 0.28, "taker_side": "yes", "ticker": "KXINX-26FEB18H1600-B6887", "trade_id": "a27e4ec7-b74e-54b0-664d-65f80f09add6", "yes_price": 28, "yes_price_dollars": "0.2800"}
{"count": 7, "count_fp": "7.00", "created_time": "2026-02-18T16:09:35.228007Z", "no_price": 75, "no_price_dollars": "0.7500", "price": 0.25, "taker_side": "no", "ticker": "KXINX-26FEB18H1600-B6887", "trade_id": "bdec7ef3-c4b9-4839-7993-5a9b2c783dbb", "yes_price": 25, "yes_price_dollars": "0.2500"}
{"count": 500, "count_fp": "500.00", "created_time": "2026-02-18T16:05:19.814399Z", "no_price": 75, "no_price_dollars": "0.7500", "price": 0.25, "taker_side": "no", "ticker": "KXINX-26FEB18H1600-B6887", "trade_id": "5b5c7a72-d273-629b-5d3f-8a39b5199d63", "yes_price": 25, "yes_price_dollars": "0.2500"}
{"count": 192, "count_fp": "192.00", "created_time": "2026-02-18T15:57:58.421101Z", "no_price": 75, "no_price_dollars": "0.7500", "price": 0.25, "taker_side": "no", "ticker": "KXINX-26FEB18H1600-B6887", "trade_id": "32dcce03-dcd5-6395-53c8-44577025fe49", "yes_price": 25, "yes_price_dollars": "0.2500"}
{"count": 1, "count_fp": "1.00", "created_time": "2026-02-18T15:57:58.126643Z", "no_price": 75, "no_price_dollars": "0.7500", "price": 0.25, "taker_side": "yes", "ticker": "KXINX-26FEB18H1600-B6887", "trade_id": "7bd1fcaa-76bf-686c-81a3-eb126ff1e619", "yes_price": 25, "yes_price_dollars": "0.2500"}
{"count": 7, "count_fp": "7.00", "created_time": "2026-02-18T15:57:58.126643Z", "no_price": 75, "no_price_dollars": "0.7500", "price": 0.25, "taker_side": "yes", "ticker": "KXINX-26FEB18H1600-B6887", "trade_id": "273bcf3b-180b-60ce-9241-b2815fa350da", "yes_price": 25, "yes_price_dollars": "0.2500"}
{"count": 492, "count_fp": "492.00", "created_time": "2026-02-18T15:57:41.604137Z", "no_price": 76, "no_price_dollars": "0.7600", "price": 0.24, "taker_side": "no", "ticker": "KXINX-26FEB18H1600-B6887", "trade_id": "ccbd2974-8300-6d6c-663f-58393eeb2eea", "yes_price": 24, "yes_price_dollars": "0.2400"}
{"count": 7, "count_fp": "7.00", "created_time": "2026-02-18T15:57:19.420499Z", "no_price": 76, "no_price_dollars": "0.7600", "price": 0.24, "taker_side": "yes", "ticker": "KXINX-26FEB18H1600-B6887", "trade_id": "7db03aa5-b597-5790-73af-501cc36d37c5", "yes_price": 24, "yes_price_dollars": "0.2400"}
{"count": 1, "count_fp": "1.00", "created_time": "2026-02-18T15:57:19.420499Z", "no_price": 76, "no_price_dollars": "0.7600", "price": 0.24, "taker_side": "yes", "ticker": "KXINX-26FEB18H1600-B6887", "trade_id": "62c217dd-98ee-56cf-5f3f-877486175c51", "yes_price": 24, "yes_price_dollars": "0.2400"}
{"count": 1, "count_fp": "1.00", "created_time": "2026-02-18T15:56:32.467058Z", "no_price": 77, "no_price_dollars": "0.7700", "price": 0.23, "taker_side": "yes", "ticker": "KXINX-26FEB18H1600-B6887", "trade_id": "285187e0-ce86-5824-7a9c-9ce8c4d6d879", "yes_price": 23, "yes_price_dollars": "0.2300"}
{"count": 300, "count_fp": "300.00", "created_time": "2026-02-18T15:55:46.158496Z", "no_price": 76, "no_price_dollars": "0.7600", "price": 0.24, "taker_side": "no", "ticker": "KXINX-26FEB18H1600-B6887", "trade_id": "b46c4f84-6bab-6de4-573d-c1f6aac00755", "yes_price": 24, "yes_price_dollars": "0.2400"}
{"count": 1, "count_fp": "1.00", "created_time": "2026-02-18T15:38:33.210267Z", "no_price": 77, "no_price_dollars": "0.7700", "price": 0.23, "taker_side": "no", "ticker": "KXINX-26FEB18H1600-B6887", "trade_id": "0296f077-f199-7ca7-842f-5251f67e750e", "yes_price": 23, "yes_price_dollars": "0.2300"}
{"count": 41, "count_fp": "41.00", "created_time": "2026-02-18T15:07:29.927687Z", "no_price": 81, "no_price_dollars": "0.8100", "price": 0.19, "taker_side": "no", "ticker": "KXINX-26FEB18H1600-B6887", "trade_id": "6ba383bc-9446-50d9-2cfd-01cc5e329cc5", "yes_price": 19, "yes_price_dollars": "0.1900"}
{"count": 14, "count_fp": "14.00", "created_time": "2026-02-18T15:07:29.927687Z", "no_price": 81, "no_price_dollars": "0.8100", "price": 0.19, "taker_side": "no", "ticker": "KXINX-26FEB18H1600-B6887", "trade_id": "68ac5456-8b0d-58d4-2a31-8ba4454667ab", "yes_price": 19, "yes_price_dollars": "0.1900"}
{"count": 306, "count_fp": "306.00", "created_time": "2026-02-18T15:07:29.927687Z", "no_price": 81, "no_price_dollars": "0.8100", "price": 0.19, "taker_side": "no", "ticker": "KXINX-26FEB18H1600-B6887", "trade_id": "622e830b-fb46-5b2c-2848-a5123cd972fd", "yes_price": 19, "yes_price_dollars": "0.1900"}
{"count": 1, "count_fp": "1.00", "created_time": "2026-02-18T15:07:29.927687Z", "no_price": 80, "no_price_dollars": "0.8000", "price": 0.2, "taker_side": "no", "ticker": "KXINX-26FEB18H1600-B6887", "trade_id": "5e0eab96-5ab3-5296-3fa4-f3f1ce82747b", "yes_price": 20, "yes_price_dollars": "0.2000"}
{"count": 1, "count_fp": "1.00", "created_time": "2026-02-18T15:07:04.761054Z", "no_price": 80, "no_price_dollars": "0.8000", "price": 0.2, "taker_side": "no", "ticker": "KXINX-26FEB18H1600-B6887", "trade_id": "ed6dce23-f8d5-5b0e-2366-351f8cce131d", "yes_price": 20, "yes_price_dollars": "0.2000"}
{"count": 100, "count_fp": "100.00", "created_time": "2026-02-18T15:07:04.761054Z", "no_price": 80, "no_price_dollars": "0.8000", "price": 0.2, "taker_side": "no", "ticker": "KXINX-26FEB18H1600-B6887", "trade_id": "5bdbb57b-446b-52a6-3eda-df1faa1b6947", "yes_price": 20, "yes_price_dollars": "0.2000"}
{"count": 1, "count_fp": "1.00", "created_time": "2026-02-18T15:04:57.190048Z", "no_price": 76, "no_price_dollars": "0.7600", "price": 0.24, "taker_side": "yes", "ticker": "KXINX-26FEB18H1600-B6887", "trade_id": "e6ae7b29-71e8-54b5-da4c-fe709afdd7e0", "yes_price": 24, "yes_price_dollars": "0.2400"}
{"count": 3, "count_fp": "3.00", "created_time": "2026-02-18T15:04:57.190048Z", "no_price": 75, "no_price_dollars": "0.7500", "price": 0.25, "taker_side": "yes", "ticker": "KXINX-26FEB18H1600-B6887", "trade_id": "7302ea3e-1e59-5bc2-ef1a-1e9866a1037b", "yes_price": 25, "yes_price_dollars": "0.2500"}
{"count": 7, "count_fp": "7.00", "created_time": "2026-02-18T14:49:18.541049Z", "no_price": 76, "no_price_dollars": "0.7600", "price": 0.24, "taker_side": "yes", "ticker": "KXINX-26FEB18H1600-B6887", "trade_id": "b37b0341-2795-543a-5c74-1c66cb000413", "yes_price": 24, "yes_price_dollars": "0.2400"}
{"count": 1, "count_fp": "1.00", "created_time": "2026-02-18T14:49:18.541049Z", "no_price": 77, "no_price_dollars": "0.7700", "price": 0.23, "taker_side": "yes", "ticker": "KXINX-26FEB18H1600-B6887", "trade_id": "6cefca0a-6a84-5e98-74c6-4c43ed387326", "yes_price": 23, "yes_price_dollars": "0.2300"}
{"count": 19, "count_fp": "19.00", "created_time": "2026-02-18T14:48:07.197255Z", "no_price": 76, "no_price_dollars": "0.7600", "price": 0.24, "taker_side": "yes", "ticker": "KXINX-26FEB18H1600-B6887", "trade_id": "f975cea8-d86d-4f4e-7d7c-a19b14b6135b", "yes_price": 24, "yes_price_dollars": "0.2400"}
{"count": 1, "count_fp": "1.00", "created_time": "2026-02-18T14:48:07.197255Z", "no_price": 76, "no_price_dollars": "0.7600", "price": 0.24, "taker_side": "yes", "ticker": "KXINX-26FEB18H1600-B6887", "trade_id": "be419e9d-9a7a-440d-75fd-3dd2c7017e23", "yes_price": 24, "yes_price_dollars": "0.2400"}
{"count": 4, "count_fp": "4.00", "created_time": "2026-02-18T14:46:14.945212Z", "no_price": 76, "no_price_dollars": "0.7600", "price": 0.24, "taker_side": "yes", "ticker": "KXINX-26FEB18H1600-B6887", "trade_id": "748e6fc8-5969-54d6-7d59-8b7a8bf4aff7", "yes_price": 24, "yes_price_dollars": "0.2400"}
{"count": 1, "count_fp": "1.00", "created_time": "2026-02-18T14:41:05.95018Z", "no_price": 78, "no_price_dollars": "0.7800", "price": 0.22, "taker_side": "yes", "ticker": "KXINX-26FEB18H1600-B6887", "trade_id": "98e49fd1-d30c-4a13-92a5-6c8da4ea6678", "yes_price": 22, "yes_price_dollars": "0.2200"}
{"count": 20, "count_fp": "20.00", "created_time": "2026-02-18T14:41:05.95018Z", "no_price": 77, "no_price_dollars": "0.7700", "price": 0.23, "taker_side": "yes", "ticker": "KXINX-26FEB18H1600-B6887", "trade_id": "938784cd-ab1d-4ece-b94e-cff542e871c7", "yes_price": 23, "yes_price_dollars": "0.2300"}
{"count": 1, "count_fp": "1.00", "created_time": "2026-02-18T14:40:15.623031Z", "no_price": 81, "no_price_dollars": "0.8100", "price": 0.19, "taker_side": "no", "ticker": "KXINX-26FEB18H1600-B6887", "trade_id": "a8c27e54-691a-62aa-7365-4a170d5f3f2d", "yes_price": 19, "yes_price_dollars": "0.1900"}
{"count": 1, "count_fp": "1.00", "created_time": "2026-02-18T14:35:09.150091Z", "no_price": 82, "no_price_dollars": "0.8200", "price": 0.18, "taker_side": "no", "ticker": "KXINX-26FEB18H1600-B6887", "trade_id": "38076f8d-22be-5f3c-93b2-4d3b617b19d1", "yes_price": 18, "yes_price_dollars": "0.1800"}
{"count": 2, "count_fp": "2.00", "created_time": "2026-02-18T14:30:21.156764Z", "no_price": 81, "no_price_dollars": "0.8100", "price": 0.19, "taker_side": "no", "ticker": "KXINX-26FEB18H1600-B6887", "trade_id": "59f95e14-6662-4974-1d6f-7ad574f87021", "yes_price": 19, "yes_price_dollars": "0.1900"}
{"count": 4, "count_fp": "4.00", "created_time": "2026-02-18T14:25:09.526133Z", "no_price": 82, "no_price_dollars": "0.8200", "price": 0.18, "taker_side": "no", "ticker": "KXINX-26FEB18H1600-B6887", "trade_id": "49dae5ad-2bca-4d30-49a0-3a9c52847fed", "yes_price": 18, "yes_price_dollars": "0.1800"}
{"count": 1, "count_fp": "1.00", "created_time": "2026-02-18T14:20:17.205991Z", "no_price": 81, "no_price_dollars": "0.8100", "price": 0.19, "taker_side": "no", "ticker": "KXINX-26FEB18H1600-B6887", "trade_id": "fcfe18f4-5cbf-6c36-f93b-f47e2a945663", "yes_price": 19, "yes_price_dollars": "0.1900"}
{"count": 5, "count_fp": "5.00", "created_time": "2026-02-18T14:20:17.205991Z", "no_price": 82, "no_price_dollars": "0.8200", "price": 0.18, "taker_side": "no", "ticker": "KXINX-26FEB18H1600-B6887", "trade_id": "bc43b1f6-16be-6ad4-e390-1dd2824f0a69", "yes_price": 18, "yes_price_dollars": "0.1800"}
{"count": 463, "count_fp": "463.00", "created_time": "2026-02-18T13:12:28.407055Z", "no_price": 79, "no_price_dollars": "0.7900", "price": 0.21, "taker_side": "yes", "ticker": "KXINX-26FEB18H1600-B6887", "trade_id": "8003bc4d-c795-7602-f364-218cae8713ef", "yes_price": 21, "yes_price_dollars": "0.2100"}
{"count": 33, "count_fp": "33.00", "created_time": "2026-02-18T20:56:13.619438Z", "no_price": 96, "no_price_dollars": "0.9600", "price": 0.04, "taker_side": "yes", "ticker": "KXINX-26FEB18H1600-B6862", "trade_id": "dd225576-6184-5aea-6675-0197824e7181", "yes_price": 4, "yes_price_dollars": "0.0400"}
{"count": 10, "count_fp": "10.00", "created_time": "2026-02-18T20:56:13.619438Z", "no_price": 95, "no_price_dollars": "0.9500", "price": 0.05, "taker_side": "yes", "ticker": "KXINX-26FEB18H1600-B6862", "trade_id": "af730d50-ae6a-5b50-4f60-2baea3c6950b", "yes_price": 5, "yes_price_dollars": "0.0500"}
{"count": 28, "count_fp": "28.00", "created_time": "2026-02-18T20:56:13.619438Z", "no_price": 95, "no_price_dollars": "0.9500", "price": 0.05, "taker_side": "yes", "ticker": "KXINX-26FEB18H1600-B6862", "trade_id": "68c324e0-5fc6-57ad-7c80-05db678f68c5", "yes_price": 5, "yes_price_dollars": "0.0500"}
{"count": 32, "count_fp": "32.00", "created_time": "2026-02-18T20:56:13.619438Z", "no_price": 95, "no_price_dollars": "0.9500", "price": 0.05, "taker_side": "yes", "ticker": "KXINX-26FEB18H1600-B6862", "trade_id": "2685f2ed-cf50-5cf0-6120-c06dd2cb1157", "yes_price": 5, "yes_price_dollars": "0.0500"}
{"count": 7, "count_fp": "7.00", "created_time": "2026-02-18T20:55:05.094431Z", "no_price": 96, "no_price_dollars": "0.9600", "price": 0.04, "taker_side": "no", "ticker": "KXINX-26FEB18H1600-B6862", "trade_id": "10e4c67e-22dd-5464-df2a-dfbe0f276773", "yes_price": 4, "yes_price_dollars": "0.0400"}
{"count": 7, "count_fp": "7.00", "created_time": "2026-02-18T20:54:36.471511Z", "no_price": 96, "no_price_dollars": "0.9600", "price": 0.04, "taker_side": "yes", "ticker": "KXINX-26FEB18H1600-B6862", "trade_id": "bff618d6-2228-5194-7e1d-018afe7f973f", "yes_price": 4, "yes_price_dollars": "0.0400"}
{"count": 4, "count_fp": "4.00", "created_time": "2026-02-18T20:54:36.471511Z", "no_price": 94, "no_price_dollars": "0.9400", "price": 0.06, "taker_side": "yes", "ticker": "KXINX-26FEB18H1600-B6862", "trade_id": "9a6a0ad7-514c-5df7-499e-48e0580fc27c", "yes_price": 6, "yes_price_dollars": "0.0600"}
{"count": 247, "count_fp": "247.00", "created_time": "2026-02-18T20:54:36.471511Z", "no_price": 94, "no_price_dollars": "0.9400", "price": 0.06, "taker_side": "yes", "ticker": "KXINX-26FEB18H1600-B6862", "trade_id": "6d2406e2-08b8-5700-7874-3c72fd0ea727", "yes_price": 6, "yes_price_dollars": "0.0600"}
{"count": 33, "count_fp": "33.00", "created_time": "2026-02-18T20:53:39.058374Z", "no_price": 94, "no_price_dollars": "0.9400", "price": 0.06, "taker_side": "no", "ticker": "KXINX-26FEB18H1600-B6862", "trade_id": "98ae2134-9c1a-41dc-79ae-c8510ec18946", "yes_price": 6, "yes_price_dollars": "0.0600"}
{"count": 6, "count_fp": "6.00", "created_time": "2026-02-18T20:53:39.031128Z", "no_price": 94, "no_price_dollars": "0.9400", "price": 0.06, "taker_side": "yes", "ticker": "KXINX-26FEB18H1600-B6862", "trade_id": "b143dde0-b3bb-61d3-9e90-d70f1716f8e4", "yes_price": 6, "yes_price_dollars": "0.0600"}
{"count": 6, "count_fp": "6.00", "created_time": "2026-02-18T20:53:32.01594Z", "no_price": 94, "no_price_dollars": "0.9400", "price": 0.06, "taker_side": "yes", "ticker": "KXINX-26FEB18H1600-B6862", "trade_id": "5eeb97ac-0f15-4f5f-36c2-4a656f1288d4", "yes_price": 6, "yes_price_dollars": "0.0600"}
{"count": 20, "count_fp": "20.00", "created_time": "2026-02-18T20:52:43.988353Z", "no_price": 90, "no_price_dollars": "0.9000", "price": 0.1, "taker_side": "no", "ticker": "KXINX-26FEB18H1600-B6862", "trade_id": "d686eaf6-6d0c-5c4d-ce1a-cddfb2fd78a6", "yes_price": 10, "yes_price_dollars": "0.1000"}
{"count": 7, "count_fp": "7.00", "created_time": "2026-02-18T20:52:23.222258Z", "no_price": 86, "no_price_dollars": "0.8600", "price": 0.14, "taker_side": "yes", "ticker": "KXINX-26FEB18H1600-B6862", "trade_id": "40028a2a-e3e4-6f9b-a662-eae2579d925f", "yes_price": 14, "yes_price_dollars": "0.1400"}
{"count": 7, "count_fp": "7.00", "created_time": "2026-02-18T20:52:18.505652Z", "no_price": 87, "no_price_dollars": "0.8700", "price": 0.13, "taker_side": "no", "ticker": "KXINX-26FEB18H1600-B6862", "trade_id": "b44cce68-2a8d-7672-7b79-041af51b756b", "yes_price": 13, "yes_price_dollars": "0.1300"}
{"count": 13, "count_fp": "13.00", "created_time": "2026-02-18T20:52:16.733316Z", "no_price": 85, "no_price_dollars": "0.8500", "price": 0.15, "taker_side": "no", "ticker": "KXINX-26FEB18H1600-B6862", "trade_id": "f246fb15-6af9-4158-11fe-de97a7fe3385", "yes_price": 15, "yes_price_dollars": "0.1500"}
{"count": 7, "count_fp": "7.00", "created_time": "2026-02-18T20:52:15.662452Z", "no_price": 85, "no_price_dollars": "0.8500", "price": 0.15, "taker_side": "yes", "ticker": "KXINX-26FEB18H1600-B6862", "trade_id": "e93e3429-645f-6eeb-7eb3-97552c029fff", "yes_price": 15, "yes_price_dollars": "0.1500"}
{"count": 125, "count_fp": "125.00", "created_time": "2026-02-18T20:52:15.516069Z", "no_price": 86, "no_price_dollars": "0.8600", "price": 0.14, "taker_side": "no", "ticker": "KXINX-26FEB18H1600-B6862", "trade_id": "a5779d74-0445-40e8-ece3-46f94412574d", "yes_price": 14, "yes_price_dollars": "0.1400"}
{"count": 7, "count_fp": "7.00", "created_time": "2026-02-18T20:52:08.335989Z", "no_price": 85, "no_price_dollars": "0.8500", "price": 0.15, "taker_side": "no", "ticker": "KXINX-26FEB18H1600-B6862", "trade_id": "3d80e46a-b70b-5e54-c33b-61cfa57e94eb", "yes_price": 15, "yes_price_dollars": "0.1500"}
{"count": 6, "count_fp": "6.00", "created_time": "2026-02-18T20:52:08.335989Z", "no_price": 85, "no_price_dollars": "0.8500", "price": 0.15, "taker_side": "no", "ticker": "KXINX-26FEB18H1600-B6862", "trade_id": "38907999-fc2d-58b0-fb36-122d08510b45", "yes_price": 15, "yes_price_dollars": "0.1500"}
{"count": 7, "count_fp": "7.00", "created_time": "2026-02-18T20:52:07.12271Z", "no_price": 84, "no_price_dollars": "0.8400", "price": 0.16, "taker_side": "no", "ticker": "KXINX-26FEB18H1600-B6862", "trade_id": "717ac8fe-dfb3-75a2-8a7f-90b9df1401d7", "yes_price": 16, "yes_price_dollars": "0.1600"}
{"count": 6, "count_fp": "6.00", "created_time": "2026-02-18T20:52:05.073752Z", "no_price": 82, "no_price_dollars": "0.8200", "price": 0.18, "taker_side": "no", "ticker": "KXINX-26FEB18H1600-B6862", "trade_id": "24cdabab-6b19-7806-5c92-463fd4d8d69c", "yes_price": 18, "yes_price_dollars": "0.1800"}
{"count": 9, "count_fp": "9.00", "created_time": "2026-02-18T20:52:04.513843Z", "no_price": 85, "no_price_dollars": "0.8500", "price": 0.15, "taker_side": "yes", "ticker": "KXINX-26FEB18H1600-B6862", "trade_id": "9648df73-4ebb-6d2b-71b6-fe6d79f69b1d", "yes_price": 15, "yes_price_dollars": "0.1500"}
{"count": 6, "count_fp": "6.00", "created_time": "2026-02-18T20:51:59.073302Z", "no_price": 84, "no_price_dollars": "0.8400", "price": 0.16, "taker_side": "yes", "ticker": "KXINX-26FEB18H1600-B6862", "trade_id": "b575651e-163b-4faf-9480-8da717275176", "yes_price": 16, "yes_price_dollars": "0.1600"}
{"count": 72, "count_fp": "72.00", "created_time": "2026-02-18T20:51:59.073302Z", "no_price": 82, "no_price_dollars": "0.8200", "price": 0.18, "taker_side": "yes", "ticker": "KXINX-26FEB18H1600-B6862", "trade_id": "674f30f4-ffac-42c4-aadd-644a8b726fa3", "yes_price": 18, "yes_price_dollars": "0.1800"}
{"count": 1, "count_fp": "1.00", "created_time": "2026-02-18T20:51:43.376971Z", "no_price": 87, "no_price_dollars": "0.8700", "price": 0.13, "taker_side": "yes", "ticker": "KXINX-26FEB18H1600-B6862", "trade_id": "93c7b757-b148-6d1f-477e-2940bb45093f", "yes_price": 13, "yes_price_dollars": "0.1300"}
{"count": 6, "count_fp": "6.00", "created_time": "2026-02-18T20:51:26.654469Z", "no_price": 87, "no_price_dollars": "0.8700", "price": 0.13, "taker_side": "no", "ticker": "KXINX-26FEB18H1600-B6862", "trade_id": "c3541597-e4c8-4f9b-0158-bcdd302be49d", "yes_price": 13, "yes_price_dollars": "0.1300"}
