{"count": 7, "count_fp": "7.00", "created_time": "2026-02-28T14:00:45.678038Z", "no_price": 89, "no_price_dollars": "0.8900", "price": 0.11, "taker_side": "yes", "ticker": "KXINX-26MAR06H1600-T7249.9999", "trade_id": "c29590a8-4990-4945-4e81-b10147bb0a26", "yes_price": 11, "yes_price_dollars": "0.1100"}
{"count": 7, "count_fp": "7.00", "created_time": "2026-02-28T14:00:40.983443Z", "no_price": 89, "no_price_dollars": "0.8900", "price": 0.11, "taker_side": "yes", "ticker": "KXINX-26MAR06H1600-B7237", "trade_id": "6f3297a4-de68-4ef9-ce28-965240b6661c", "yes_price": 11, "yes_price_dollars": "0.1100"}
{"count": 12, "count_fp": "12.00", "created_time": "2026-02-28T21:00:54.363076Z", "no_price": 63, "no_price_dollars": "0.6300", "price": 0.37, "taker_side": "yes", "ticker": "KXINX-26MAR06H1600-B6712", "trade_id": "f9f2f10f-60e0-4b9d-d48a-45aecc39366f", "yes_price": 37, "yes_price_dollars": "0.3700"}
{"count": 561, "count_fp": "561.00", "created_time": "2026-02-28T12:12:31.135321Z", "no_price": 89, "no_price_dollars": "0.8900", "price": 0.11, "taker_side": "yes", "ticker": "KXINX-26MAR06H1600-B6712", "trade_id": "e69fb2e2-5690-7908-8e76-73cb1e5911b6", "yes_price": 11, "yes_price_dollars": "0.1100"}
{"count": 12, "count_fp": "12.00", "created_time": "2026-02-28T12:12:31.135321Z", "no_price": 69, "no_price_dollars": "0.6900", "price": 0.31, "taker_side": "yes", "ticker": "KXINX-26MAR06H1600-B6712", "trade_id": "d9ce3294-ae1c-7774-96fe-fa20f54f043f", "yes_price": 31, "yes_price_dollars": "0.3100"}
{"count": 38, "count_fp": "38.00", "created_time": "2026-02-28T17:46:37.974259Z", "no_price": 89, "no_price_dollars": "0.8900", "price": 0.11, "taker_side": "yes", "ticker": "KXINX-26MAR06H1600-B6562", "trade_id": "ff419608-33c3-6f95-a99b-a6e08f773f65", "yes_price": 11, "yes_price_dollars": "0.1100"}
{"count": 50, "count_fp": "50.00", "created_time": "2026-02-28T19:53:04.791605Z", "no_price": 99, "no_price_dollars": "0.9900", "price": 0.01, "taker_side": "yes", "ticker": "KXINX-26MAR02H1600-B7237", "trade_id": "cc19cb12-4771-5b94-7c7a-ef38bd71127c", "yes_price": 1, "yes_price_dollars": "0.0100"}
{"count": 1, "count_fp": "1.00", "created_time": "2026-02-28T19:01:12.698405Z", "no_price": 99, "no_price_dollars": "0.9900", "price": 0.01, "taker_side": "yes", "ticker": "KXINX-26MAR02H1600-B7237", "trade_id": "5df2e5ef-2abd-6838-22c1-b8bd6bf02a94", "yes_price": 1, "yes_price_dollars": "0.0100"}
{"count": 8, "count_fp": "8.00", "created_time": "2026-02-28T14:00:59.352008Z", "no_price": 90, "no_price_dollars": "0.9000", "price": 0.1, "taker_side": "yes", "ticker": "KXINX-26MAR02H1600-B7237", "trade_id": "7925dfd8-cc1e-7f62-a0a6-97a35042470c", "yes_price": 10, "yes_price_dollars": "0.1000"}
{"count": 1, "count_fp": "1.00", "created_time": "2026-02-28T19:01:42.638886Z", "no_price": 99, "no_price_dollars": "0.9900", "price": 0.01, "taker_side": "yes", "ticker": "KXINX-26MAR02H1600-B7212", "trade_id": "f86c8f9f-a8bb-7bb9-15c5-9c1c54f173ce", "yes_price": 1, "yes_price_dollars": "0.0100"}
{"count": 8, "count_fp": "8.00", "created_time": "2026-02-28T14:00:51.58863Z", "no_price": 90, "no_price_dollars": "0.9000", "price": 0.1, "taker_side": "yes", "ticker": "KXINX-26MAR02H1600-B7212", "trade_id": "fac9c727-26a4-47db-deb6-e6bb39cc14d8", "yes_price": 10, "yes_price_dollars": "0.1000"}
{"count": 62, "count_fp": "62.00", "created_time": "2026-02-28T21:11:11.126571Z", "no_price": 97, "no_price_dollars": "0.9700", "price": 0.03, "taker_side": "yes", "ticker": "KXINX-26MAR02H1600-B6937", "trade_id": "b0fa7cc4-1e0a-5a8b-4f1a-d6bfb6507937", "yes_price": 3, "yes_price_dollars": "0.0300"}
{"count": 2, "count_fp": "2.00", "created_time": "2026-02-28T21:11:11.126571Z", "no_price": 97, "no_price_dollars": "0.9700", "price": 0.03, "taker_side": "yes", "ticker": "KXINX-26MAR02H1600-B6937", "trade_id": "89c9a54f-6bbd-55ae-697a-81bdd93628e7", "yes_price": 3, "yes_price_dollars": "0.0300"}
{"count": 10, "count_fp": "10.00", "created_time": "2026-02-28T21:11:18.099481Z", "no_price": 82, "no_price_dollars": "0.8200", "price": 0.18, "taker_side": "yes", "ticker": "KXINX-26MAR02H1600-B6912", "trade_id": "9b1e021a-1d8a-6850-9e0f-9df21c4d7666", "yes_price": 18, "yes_price_dollars": "0.1800"}
{"count": 86, "count_fp": "86.00", "created_time": "2026-02-28T20:56:39.661872Z", "no_price": 82, "no_price_dollars": "0.8200", "price": 0.18, "taker_side": "yes", "ticker": "KXINX-26MAR02H1600-B6912", "trade_id": "96326a4b-55aa-4487-9fb6-4394d6ce33a0", "yes_price": 18, "yes_price_dollars": "0.1800"}
{"count": 18, "count_fp": "18.00", "created_time": "2026-02-28T20:56:39.661872Z", "no_price": 81, "no_price_dollars": "0.8100", "price": 0.19, "taker_side": "yes", "ticker": "KXINX-26MAR02H1600-B6912", "trade_id": "9178245a-c494-450e-9630-ad43089c46b1", "yes_price": 19, "yes_price_dollars": "0.1900"}
{"count": 4, "count_fp": "4.00", "created_time": "2026-02-28T14:52:49.550727Z", "no_price": 77, "no_price_dollars": "0.7700", "price": 0.23, "taker_side": "yes", "ticker": "KXINX-26MAR02H1600-B6912", "trade_id": "4a83be3c-3aac-7882-69dd-516d361cb36d", "yes_price": 23, "yes_price_dollars": "0.2300"}
{"count": 10, "count_fp": "10.00", "created_time": "2026-02-28T14:18:34.001755Z", "no_price": 87, "no_price_dollars": "0.8700", "price": 0.13, "taker_side": "no", "ticker": "KXINX-26MAR02H1600-B6912", "trade_id": "f584af38-644e-69b1-0132-bb7cf737e298", "yes_price": 13, "yes_price_dollars": "0.1300"}
{"count": 10, "count_fp": "10.00", "created_time": "2026-02-28T14:37:51.010616Z", "no_price": 98, "no_price_dollars": "0.9800", "price": 0.02, "taker_side": "no", "ticker": "KXINX-26MAR02H1600-B6862", "trade_id": "3e841923-d3c2-696f-7a60-8fa1dd3e4ba1", "yes_price": 2, "yes_price_dollars": "0.0200"}
{"count": 25, "count_fp": "25.00", "created_time": "2026-02-28T22:21:27.782221Z", "no_price": 81, "no_price_dollars": "0.8100", "price": 0.19, "taker_side": "yes", "ticker": "KXINX-26MAR02H1600-B6837", "trade_id": "9e1da204-abd1-414a-4eba-baa69cf0aaa4", "yes_price": 19, "yes_price_dollars": "0.1900"}
{"count": 51, "count_fp": "51.00", "created_time": "2026-02-28T21:59:11.756013Z", "no_price": 81, "no_price_dollars": "0.8100", "price": 0.19, "taker_side": "yes", "ticker": "KXINX-26MAR02H1600-B6837", "trade_id": "6a83dd4a-7055-51c6-672f-41f05b24d9a4", "yes_price": 19, "yes_price_dollars": "0.1900"}
{"count": 10, "count_fp": "10.00", "created_time": "2026-02-28T14:37:51.010715Z", "no_price": 95, "no_price_dollars": "0.9500", "price": 0.05, "taker_side": "no", "ticker": "KXINX-26MAR02H1600-B6837", "trade_id": "4de2443f-60e7-4550-0fe1-bb3da5953565", "yes_price": 5, "yes_price_dollars": "0.0500"}
{"count": 12, "count_fp": "12.00", "created_time": "2026-02-28T20:25:41.754057Z", "no_price": 84, "no_price_dollars": "0.8400", "price": 0.16, "taker_side": "yes", "ticker": "KXINX-26MAR02H1600-B6812", "trade_id": "067814d8-ddee-5efd-0795-2c0eca104062", "yes_price": 16, "yes_price_dollars": "0.1600"}
{"count": 6, "count_fp": "6.00", "created_time": "2026-02-28T19:44:16.25668Z", "no_price": 84, "no_price_dollars": "0.8400", "price": 0.16, "taker_side": "yes", "ticker": "KXINX-26MAR02H1600-B6812", "trade_id": "2a116cc9-b192-4b79-6fb5-84808102df0e", "yes_price": 16, "yes_price_dollars": "0.1600"}
{"count": 10, "count_fp": "10.00", "created_time": "2026-02-28T14:37:51.009995Z", "no_price": 93, "no_price_dollars": "0.9300", "price": 0.07, "taker_side": "no", "ticker": "KXINX-26MAR02H1600-B6812", "trade_id": "b575ecc2-fa18-5bd1-61f5-faa0124b0c6b", "yes_price": 7, "yes_price_dollars": "0.0700"}
{"count": 54, "count_fp": "54.00", "created_time": "2026-02-28T14:17:40.603454Z", "no_price": 80, "no_price_dollars": "0.8000", "price": 0.2, "taker_side": "yes", "ticker": "KXINX-26MAR02H1600-B6812", "trade_id": "926deeda-657e-5276-44b0-419f272039ff", "yes_price": 20, "yes_price_dollars": "0.2000"}
{"count": 97, "count_fp": "97.00", "created_time": "2026-02-28T14:12:03.785172Z", "no_price": 80, "no_price_dollars": "0.8000", "price": 0.2, "taker_side": "yes", "ticker": "KXINX-26MAR02H1600-B6812", "trade_id": "f5e219ca-7b6a-63ce-0d31-35687d9e2907", "yes_price": 20, "yes_price_dollars": "0.2000"}
{"count": 19, "count_fp": "19.00", "created_time": "2026-02-28T09:20:47.368832Z", "no_price": 75, "no_price_dollars": "0.7500", "price": 0.25, "taker_side": "yes", "ticker": "KXINX-26MAR02H1600-B6812", "trade_id": "51faac4e-d2d3-4594-acf5-fac063822452", "yes_price": 25, "yes_price_dollars": "0.2500"}
{"count": 19, "count_fp": "19.00", "created_time": "2026-02-28T09:20:46.17591Z", "no_price": 75, "no_price_dollars": "0.7500", "price": 0.25, "taker_side": "yes", "ticker": "KXINX-26MAR02H1600-B6812", "trade_id": "a87c3192-d813-554c-a482-13356a4a1fba", "yes_price": 25, "yes_price_dollars": "0.2500"}
{"count": 5, "count_fp": "5.00", "created_time": "2026-02-28T17:37:21.865222Z", "no_price": 82, "no_price_dollars": "0.8200", "price": 0.18, "taker_side": "yes", "ticker": "KXINX-26MAR02H1600-B6787", "trade_id": "dc2ea45d-6eb7-6602-d109-85daf0e7d199", "yes_price": 18, "yes_price_dollars": "0.1800"}
{"count": 60, "count_fp": "60.00", "created_time": "2026-02-28T14:56:16.50661Z", "no_price": 84, "no_price_dollars": "0.8400", "price": 0.16, "taker_side": "yes", "ticker": "KXINX-26MAR02H1600-B6787", "trade_id": "6efc5938-51dd-61b2-52b8-221c0cc54f77", "yes_price": 16, "yes_price_dollars": "0.1600"}
{"count": 10, "count_fp": "10.00", "created_time": "2026-02-28T14:37:51.00986Z", "no_price": 95, "no_price_dollars": "0.9500", "price": 0.05, "taker_side": "no", "ticker": "KXINX-26MAR02H1600-B6787", "trade_id": "20b80fcc-21d5-4ecb-beb9-350b037e471e", "yes_price": 5, "yes_price_dollars": "0.0500"}
{"count": 120, "count_fp": "120.00", "created_time": "2026-02-28T07:03:43.499303Z", "no_price": 81, "no_price_dollars": "0.8100", "price": 0.19, "taker_side": "yes", "ticker": "KXINX-26MAR02H1600-B6787", "trade_id": "95bc17f8-5d9d-7c94-199c-cc6076b5d4cb", "yes_price": 19, "yes_price_dollars": "0.1900"}
{"count": 6, "count_fp": "6.00", "created_time": "2026-02-28T21:10:55.05674Z", "no_price": 82, "no_price_dollars": "0.8200", "price": 0.18, "taker_side": "yes", "ticker": "KXINX-26MAR02H1600-B6762", "trade_id": "bbd250cc-2cd7-4fad-acb3-e53fc2d9b9bd", "yes_price": 18, "yes_price_dollars": "0.1800"}
{"count": 5, "count_fp": "5.00", "created_time": "2026-02-28T21:10:55.05674Z", "no_price": 83, "no_price_dollars": "0.8300", "price": 0.17, "taker_side": "yes", "ticker": "KXINX-26MAR02H1600-B6762", "trade_id": "96db1162-df6b-4bbf-bf98-071e2f8c96c2", "yes_price": 17, "yes_price_dollars": "0.1700"}
{"count": 500, "count_fp": "500.00", "created_time": "2026-02-28T20:57:33.260547Z", "no_price": 82, "no_price_dollars": "0.8200", "price": 0.18, "taker_side": "yes", "ticker": "KXINX-26MAR02H1600-B6762", "trade_id": "2afd85f6-3edf-7bf5-d3ed-2269d1b1a195", "yes_price": 18, "yes_price_dollars": "0.1800"}
{"count": 115, "count_fp": "115.00", "created_time": "2026-02-28T20:50:37.03019Z", "no_price": 83, "no_price_dollars": "0.8300", "price": 0.17, "taker_side": "yes", "ticker": "KXINX-26MAR02H1600-B6762", "trade_id": "fbeccf10-a5c6-5a92-82bb-9de450393b0e", "yes_price": 17, "yes_price_dollars": "0.1700"}
{"count": 12, "count_fp": "12.00", "created_time": "2026-02-28T11:33:41.287862Z", "no_price": 63, "no_price_dollars": "0.6300", "price": 0.37, "taker_side": "yes", "ticker": "KXINX-26MAR02H1600-B6762", "trade_id": "f880eb86-a654-7bcb-5757-c520d9699993", "yes_price": 37, "yes_price_dollars": "0.3700"}
{"count": 98, "count_fp": "98.00", "created_time": "2026-02-28T11:33:41.287862Z", "no_price": 84, "no_price_dollars": "0.8400", "price": 0.16, "taker_side": "yes", "ticker": "KXINX-26MAR02H1600-B6762", "trade_id": "e96793d8-dd92-744b-60d6-1eb5106072dd", "yes_price": 16, "yes_price_dollars": "0.1600"}
{"count": 10, "count_fp": "10.00", "created_time": "2026-02-28T11:33:41.287862Z", "no_price": 60, "no_price_dollars": "0.6000", "price": 0.4, "taker_side": "yes", "ticker": "KXINX-26MAR02H1600-B6762", "trade_id": "e4f40f1a-43b4-7d85-7991-e99b4118bbda", "yes_price": 40, "yes_price_dollars": "0.4000"}
{"count": 12, "count_fp": "12.00", "created_time": "2026-02-28T11:33:41.287862Z", "no_price": 69, "no_price_dollars": "0.6900", "price": 0.31, "taker_side": "yes", "ticker": "KXINX-26MAR02H1600-B6762", "trade_id": "e2bfe780-d887-7137-46c0-1a67711c064a", "yes_price": 31, "yes_price_dollars": "0.3100"}
{"count": 2, "count_fp": "2.00", "created_time": "2026-02-28T11:33:41.287862Z", "no_price": 55, "no_price_dollars": "0.5500", "price": 0.45, "taker_side": "yes", "ticker": "KXINX-26MAR02H1600-B6762", "trade_id": "b482c668-d17b-7ff1-6014-9393b8ae417d", "yes_price": 45, "yes_price_dollars": "0.4500"}
{"count": 117, "count_fp": "117.00", "created_time": "2026-02-28T11:33:41.287862Z", "no_price": 83, "no_price_dollars": "0.8300", "price": 0.17, "taker_side": "yes", "ticker": "KXINX-26MAR02H1600-B6762", "trade_id": "5deeecba-aab3-7089-4999-b84c20d05ae8", "yes_price": 17, "yes_price_dollars": "0.1700"}
{"count": 30, "count_fp": "30.00", "created_time": "2026-02-28T10:06:04.718633Z", "no_price": 84, "no_price_dollars": "0.8400", "price": 0.16, "taker_side": "yes", "ticker": "KXINX-26MAR02H1600-B6762", "trade_id": "552755ec-0f46-479f-45d9-edb75a8dbb85", "yes_price": 16, "yes_price_dollars": "0.1600"}
{"count": 18, "count_fp": "18.00", "created_time": "2026-02-28T08:18:30.522771Z", "no_price": 84, "no_price_dollars": "0.8400", "price": 0.16, "taker_side": "yes", "ticker": "KXINX-26MAR02H1600-B6762", "trade_id": "7f743dc0-3cbe-51b7-aaf5-4d5df7f752e1", "yes_price": 16, "yes_price_dollars": "0.1600"}
{"count": 54, "count_fp": "54.00", "created_time": "2026-02-28T07:19:34.349735Z", "no_price": 84, "no_price_dollars": "0.8400", "price": 0.16, "taker_side": "yes", "ticker": "KXINX-26MAR02H1600-B6762", "trade_id": "957f5a0d-23d6-573b-c347-b54572df3ee9", "yes_price": 16, "yes_price_dollars": "0.1600"}
{"count": 6, "count_fp": "6.00", "created_time": "2026-02-28T16:41:21.565489Z", "no_price": 85, "no_price_dollars": "0.8500", "price": 0.15, "taker_side": "yes", "ticker": "KXINX-26MAR02H1600-B6712", "trade_id": "c982358c-9574-7862-05a9-f7228dcc832c", "yes_price": 15, "yes_price_dollars": "0.1500"}
{"count": 30, "count_fp": "30.00", "created_time": "2026-02-28T10:05:29.527822Z", "no_price": 84, "no_price_dollars": "0.8400", "price": 0.16, "taker_side": "yes", "ticker": "KXINX-26MAR02H1600-B6712", "trade_id": "f6cd4101-55a0-4b6c-2f7b-a667375b1898", "yes_price": 16, "yes_price_dollars": "0.1600"}
{"count": 808, "count_fp": "808.00", "created_time": "2026-02-28T15:11:53.843208Z", "no_price": 88, "no_price_dollars": "0.8800", "price": 0.12, "taker_side": "yes", "ticker": "KXINX-26MAR02H1600-B6612", "trade_id": "1b7fcbde-e6cb-7416-8d67-1763ed1a0018", "yes_price": 12, "yes_price_dollars": "0.1200"}
{"count": 1, "count_fp": "1.00", "created_time": "2026-02-28T18:22:54.98464Z", "no_price": 97, "no_price_dollars": "0.9700", "price": 0.03, "taker_side": "no", "ticker": "KXINX-26MAR02H1600-B6562", "trade_id": "122a940c-4581-5d1e-b1c0-50007ee8f782", "yes_price": 3, "yes_price_dollars": "0.0300"}
{"count": 1, "count_fp": "1.00", "created_time": "2026-02-28T18:22:52.894331Z", "no_price": 93, "no_price_dollars": "0.9300", "price": 0.07, "taker_side": "no", "ticker": "KXINX-26MAR02H1600-B6562", "trade_id": "2abd6957-0e51-5221-beac-683233df7e5c", "yes_price": 7, "yes_price_dollars": "0.0700"}
{"count": 8, "count_fp": "8.00", "created_time": "2026-02-28T17:33:48.478329Z", "no_price": 89, "no_price_dollars": "0.8900", "price": 0.11, "taker_side": "yes", "ticker": "KXINX-26MAR02H1600-B6562", "trade_id": "97aa9b64-215c-41ff-0597-622aa623db4c", "yes_price": 11, "yes_price_dollars": "0.1100"}
{"count": 202, "count_fp": "202.00", "created_time": "2026-02-28T14:58:49.677121Z", "no_price": 88, "no_price_dollars": "0.8800", "price": 0.12, "taker_side": "yes", "ticker": "KXINX-26MAR02H1600-B6562", "trade_id": "e7cda1e3-b5b5-6d70-8204-79e6bef86326", "yes_price": 12, "yes_price_dollars": "0.1200"}
{"count": 10, "count_fp": "10.00", "created_time": "2026-02-28T14:58:19.320482Z", "no_price": 95, "no_price_dollars": "0.9500", "price": 0.05, "taker_side": "no", "ticker": "KXINXU-26MAR02H1600-T6949.9999", "trade_id": "ffa08b25-75ba-6d39-8b64-cb08d8a68632", "yes_price": 5, "yes_price_dollars": "0.0500"}
{"count": 25, "count_fp": "25.00", "created_time": "2026-02-28T22:26:22.227199Z", "no_price": 90, "no_price_dollars": "0.9000", "price": 0.1, "taker_side": "no", "ticker": "KXINXU-26MAR02H1600-T6924.9999", "trade_id": "fea136ef-9fa8-752d-c91a-835fbde99619", "yes_price": 10, "yes_price_dollars": "0.1000"}
{"count": 3, "count_fp": "3.00", "created_time": "2026-02-28T21:46:32.985471Z", "no_price": 26, "no_price_dollars": "0.2600", "price": 0.74, "taker_side": "yes", "ticker": "KXINXU-26MAR02H1600-T6899.9999", "trade_id": "cfb85e4f-19b9-4da8-1ddd-177522924bb8", "yes_price": 74, "yes_price_dollars": "0.7400"}
{"count": 65, "count_fp": "65.00", "created_time": "2026-02-28T14:16:17.798787Z", "no_price": 93, "no_price_dollars": "0.9300", "price": 0.07, "taker_side": "no", "ticker": "KXINXU-26MAR02H1600-T6899.9999", "trade_id": "a019e702-906e-6790-f136-6bff5153e544", "yes_price": 7, "yes_price_dollars": "0.0700"}
{"count": 3, "count_fp": "3.00", "created_time": "2026-02-28T14:16:17.798787Z", "no_price": 93, "no_price_dollars": "0.9300", "price": 0.07, "taker_side": "no", "ticker": "KXINXU-26MAR02H1600-T6899.9999", "trade_id": "0db2ebe7-c87e-6713-ed46-5f7fc28d4e19", "yes_price": 7, "yes_price_dollars": "0.0700"}
{"count": 52, "count_fp": "52.00", "created_time": "2026-02-28T13:15:45.221204Z", "no_price": 93, "no_price_dollars": "0.9300", "price": 0.07, "taker_side": "no", "ticker": "KXINXU-26MAR02H1600-T6899.9999", "trade_id": "09b82018-2f32-776f-f812-ea5304c8a571", "yes_price": 7, "yes_price_dollars": "0.0700"}
{"count": 50, "count_fp": "50.00", "created_time": "2026-02-28T23:47:30.622044Z", "no_price": 43, "no_price_dollars": "0.4300", "price": 0.57, "taker_side": "yes", "ticker": "KXINXU-26MAR02H1600-T6874.9999", "trade_id": "f6591c6b-ec55-5680-6e0d-314692d9bafe", "yes_price": 57, "yes_price_dollars": "0.5700"}
{"count": 50, "count_fp": "50.00", "created_time": "2026-02-28T23:47:30.622044Z", "no_price": 42, "no_price_dollars": "0.4200", "price": 0.58, "taker_side": "yes", "ticker": "KXINXU-26MAR02H1600-T6874.9999", "trade_id": "f5028ce9-9a22-554a-4651-87be77398717", "yes_price": 58, "yes_price_dollars": "0.5800"}
{"count": 29, "count_fp": "29.00", "created_time": "2026-02-28T23:47:30.622044Z", "no_price": 12, "no_price_dollars": "0.1200", "price": 0.88, "taker_side": "yes", "ticker": "KXINXU-26MAR02H1600-T6874.9999", "trade_id": "da7d4ec9-71c6-55b7-47d6-f7fd85eaaf7f", "yes_price": 88, "yes_price_dollars": "0.8800"}
{"count": 100, "count_fp": "100.00", "created_time": "2026-02-28T23:47:30.622044Z", "no_price": 34, "no_price_dollars": "0.3400", "price": 0.66, "taker_side": "yes", "ticker": "KXINXU-26MAR02H1600-T6874.9999", "trade_id": "99607259-7295-5fec-5fcc-41edf15bc58b", "yes_price": 66, "yes_price_dollars": "0.6600"}
{"count": 1, "count_fp": "1.00", "created_time": "2026-02-28T23:47:30.622044Z", "no_price": 33, "no_price_dollars": "0.3300", "price": 0.67, "taker_side": "yes", "ticker": "KXINXU-26MAR02H1600-T6874.9999", "trade_id": "70a9c47e-01de-5bb6-6f12-f5b5a25be6df", "yes_price": 67, "yes_price_dollars": "0.6700"}
{"count": 99, "count_fp": "99.00", "created_time": "2026-02-28T23:11:04.293539Z", "no_price": 58, "no_price_dollars": "0.5800", "price": 0.42, "taker_side": "yes", "ticker": "KXINXU-26MAR02H1600-T6874.9999", "trade_id": "d8a1ae91-e0d9-4e93-7156-c8f77df2702e", "yes_price": 42, "yes_price_dollars": "0.4200"}
{"count": 100, "count_fp": "100.00", "created_time": "2026-02-28T23:11:04.293539Z", "no_price": 55, "no_price_dollars": "0.5500", "price": 0.45, "taker_side": "yes", "ticker": "KXINXU-26MAR02H1600-T6874.9999", "trade_id": "34c9c066-de92-4119-4926-c314a662386c", "yes_price": 45, "yes_price_dollars": "0.4500"}
{"count": 50, "count_fp": "50.00", "created_time": "2026-02-28T23:11:04.293539Z", "no_price": 57, "no_price_dollars": "0.5700", "price": 0.43, "taker_side": "yes", "ticker": "KXINXU-26MAR02H1600-T6874.9999", "trade_id": "13e5a4e1-3fef-4aec-5100-2a583d83a5b9", "yes_price": 43, "yes_price_dollars": "0.4300"}
{"count": 1, "count_fp": "1.00", "created_time": "2026-02-28T22:58:46.70179Z", "no_price": 56, "no_price_dollars": "0.5600", "price": 0.44, "taker_side": "yes", "ticker": "KXINXU-26MAR02H1600-T6874.9999", "trade_id": "f0cb760e-16f9-64f7-61c0-b5157349f40a", "yes_price": 44, "yes_price_dollars": "0.4400"}
{"count": 33, "count_fp": "33.00", "created_time": "2026-02-28T22:58:46.70179Z", "no_price": 58, "no_price_dollars": "0.5800", "price": 0.42, "taker_side": "yes", "ticker": "KXINXU-26MAR02H1600-T6874.9999", "trade_id": "70b046f7-af21-62c5-41f4-80979491f4df", "yes_price": 42, "yes_price_dollars": "0.4200"}
{"count": 1, "count_fp": "1.00", "created_time": "2026-02-28T22:47:21.221744Z", "no_price": 82, "no_price_dollars": "0.8200", "price": 0.18, "taker_side": "no", "ticker": "KXINXU-26MAR02H1600-T6874.9999", "trade_id": "f0d79fab-557b-63ac-c666-3ecfc1befffc", "yes_price": 18, "yes_price_dollars": "0.1800"}
{"count": 3, "count_fp": "3.00", "created_time": "2026-02-28T22:44:46.289677Z", "no_price": 82, "no_price_dollars": "0.8200", "price": 0.18, "taker_side": "no", "ticker": "KXINXU-26MAR02H1600-T6874.9999", "trade_id": "b7b16ae4-801f-7ff0-58ed-d4cc158e3ab0", "yes_price": 18, "yes_price_dollars": "0.1800"}
{"count": 5, "count_fp": "5.00", "created_time": "2026-02-28T22:44:46.289677Z", "no_price": 81, "no_price_dollars": "0.8100", "price": 0.19, "taker_side": "no", "ticker": "KXINXU-26MAR02H1600-T6874.9999", "trade_id": "7ec0a759-678d-72ac-6e2a-cb81f81db477", "yes_price": 19, "yes_price_dollars": "0.1900"}
{"count": 6, "count_fp": "6.00", "created_time": "2026-02-28T22:40:44.277022Z", "no_price": 56, "no_price_dollars": "0.5600", "price": 0.44, "taker_side": "yes", "ticker": "KXINXU-26MAR02H1600-T6874.9999", "trade_id": "813f16e3-1dde-4b14-01e2-0d0bee2ab984", "yes_price": 44, "yes_price_dollars": "0.4400"}
{"count": 5, "count_fp": "5.00", "created_time": "2026-02-28T22:40:44.277022Z", "no_price": 57, "no_price_dollars": "0.5700", "price": 0.43, "taker_side": "yes", "ticker": "KXINXU-26MAR02H1600-T6874.9999", "trade_id": "6b5389f6-440a-4a0a-1eaf-96dd90212b7a", "yes_price": 43, "yes_price_dollars": "0.4300"}
{"count": 21, "count_fp": "21.00", "created_time": "2026-02-28T22:17:17.432394Z", "no_price": 56, "no_price_dollars": "0.5600", "price": 0.44, "taker_side": "yes", "ticker": "KXINXU-26MAR02H1600-T6874.9999", "trade_id": "4cf323d2-232e-468e-d02b-d0e2d4154c65", "yes_price": 44, "yes_price_dollars": "0.4400"}
{"count": 40, "count_fp": "40.00", "created_time": "2026-02-28T20:51:56.133231Z", "no_price": 52, "no_price_dollars": "0.5200", "price": 0.48, "taker_side": "yes", "ticker": "KXINXU-26MAR02H1600-T6874.9999", "trade_id": "bdaea95e-1ace-6280-8960-cd1bec52d6fa", "yes_price": 48, "yes_price_dollars": "0.4800"}
{"count": 53, "count_fp": "53.00", "created_time": "2026-02-28T18:48:34.096324Z", "no_price": 85, "no_price_dollars": "0.8500", "price": 0.15, "taker_side": "no", "ticker": "KXINXU-26MAR02H1600-T6874.9999", "trade_id": "7b42f4f0-3451-5c75-a6b0-da17410ae12f", "yes_price": 15, "yes_price_dollars": "0.1500"}
{"count": 5, "count_fp": "5.00", "created_time": "2026-02-28T18:48:34.096324Z", "no_price": 84, "no_price_dollars": "0.8400", "price": 0.16, "taker_side": "no", "ticker": "KXINXU-26MAR02H1600-T6874.9999", "trade_id": "122612ff-21bb-5391-8301-10210ee5f9cd", "yes_price": 16, "yes_price_dollars": "0.1600"}
{"count": 3, "count_fp": "3.00", "created_time": "2026-02-28T17:41:14.47554Z", "no_price": 46, "no_price_dollars": "0.4600", "price": 0.54, "taker_side": "yes", "ticker": "KXINXU-26MAR02H1600-T6874.9999", "trade_id": "6bbeda82-4e61-4afd-1034-a19c6e949644", "yes_price": 54, "yes_price_dollars": "0.5400"}
{"count": 5, "count_fp": "5.00", "created_time": "2026-02-28T16:30:00.812652Z", "no_price": 84, "no_price_dollars": "0.8400", "price": 0.16, "taker_side": "no", "ticker": "KXINXU-26MAR02H1600-T6874.9999", "trade_id": "cb9c443e-4233-7966-804d-0f56338c7f6c", "yes_price": 16, "yes_price_dollars": "0.1600"}
{"count": 205, "count_fp": "205.00", "created_time": "2026-02-28T16:30:00.812652Z", "no_price": 85, "no_price_dollars": "0.8500", "price": 0.15, "taker_side": "no", "ticker": "KXINXU-26MAR02H1600-T6874.9999", "trade_id": "132dfefb-bb75-79e9-a30e-2ffd31c7e50b", "yes_price": 15, "yes_price_dollars": "0.1500"}
{"count": 210, "count_fp": "210.00", "created_time": "2026-02-28T16:26:26.829511Z", "no_price": 85, "no_price_dollars": "0.8500", "price": 0.15, "taker_side": "no", "ticker": "KXINXU-26MAR02H1600-T6874.9999", "trade_id": "5498b841-94ed-482d-4701-fb8f673e9fcf", "yes_price": 15, "yes_price_dollars": "0.1500"}
{"count": 1, "count_fp": "1.00", "created_time": "2026-02-28T15:06:29.408397Z", "no_price": 45, "no_price_dollars": "0.4500", "price": 0.55, "taker_side": "yes", "ticker": "KXINXU-26MAR02H1600-T6874.9999", "trade_id": "d2b5d63a-724d-4c30-3310-d2ebc78821c6", "yes_price": 55, "yes_price_dollars": "0.5500"}
{"count": 2, "count_fp": "2.00", "created_time": "2026-02-28T15:06:29.408397Z", "no_price": 46, "no_price_dollars": "0.4600", "price": 0.54, "taker_side": "yes", "ticker": "KXINXU-26MAR02H1600-T6874.9999", "trade_id": "000c409b-337f-4d82-03fa-89ec41d11572", "yes_price": 54, "yes_price_dollars": "0.5400"}
{"count": 3, "count_fp": "3.00", "created_time": "2026-02-28T14:46:47.220693Z", "no_price": 46, "no_price_dollars": "0.4600", "price": 0.54, "taker_side": "yes", "ticker": "KXINXU-26MAR02H1600-T6874.9999", "trade_id": "f216718f-e04c-634f-71ed-c42b9d1c37ae", "yes_price": 54, "yes_price_dollars": "0.5400"}
{"count": 14, "count_fp": "14.00", "created_time": "2026-02-28T14:46:47.220693Z", "no_price": 45, "no_price_dollars": "0.4500", "price": 0.55, "taker_side": "yes", "ticker": "KXINXU-26MAR02H1600-T6874.9999", "trade_id": "155503a1-ff4d-6d48-7b04-8c7964098bca", "yes_price": 55, "yes_price_dollars": "0.5500"}
{"count": 10, "count_fp": "10.00", "created_time": "2026-02-28T14:37:51.011144Z", "no_price": 85, "no_price_dollars": "0.8500", "price": 0.15, "taker_side": "no", "ticker": "KXINXU-26MAR02H1600-T6874.9999", "trade_id": "9cb23dc7-b605-6395-f1c5-f6fb820544ab", "yes_price": 15, "yes_price_dollars": "0.1500"}
{"count": 35, "count_fp": "35.00", "created_time": "2026-02-28T12:11:13.193645Z", "no_price": 88, "no_price_dollars": "0.8800", "price": 0.12, "taker_side": "no", "ticker": "KXINXU-26MAR02H1600-T6874.9999", "trade_id": "96a4d864-55ae-78cd-29d9-010417430618", "yes_price": 12, "yes_price_dollars": "0.1200"}
{"count": 5, "count_fp": "5.00", "created_time": "2026-02-28T12:11:13.193645Z", "no_price": 87, "no_price_dollars": "0.8700", "price": 0.13, "taker_side": "no", "ticker": "KXINXU-26MAR02H1600-T6874.9999", "trade_id": "8c2ec5a0-a618-7275-3e7d-b91601ac093a", "yes_price": 13, "yes_price_dollars": "0.1300"}
{"count": 100, "count_fp": "100.00", "created_time": "2026-02-28T12:06:00.182659Z", "no_price": 82, "no_price_dollars": "0.8200", "price": 0.18, "taker_side": "no", "ticker": "KXINXU-26MAR02H1600-T6874.9999", "trade_id": "f9a1af2c-a766-5ee0-bbb5-c5aded64d85a", "yes_price": 18, "yes_price_dollars": "0.1800"}
{"count": 76, "count_fp": "76.00", "created_time": "2026-02-28T12:06:00.182659Z", "no_price": 81, "no_price_dollars": "0.8100", "price": 0.19, "taker_side": "no", "ticker": "KXINXU-26MAR02H1600-T6874.9999", "trade_id": "cd562c32-3216-5e1f-8d2c-6220514cd06e", "yes_price": 19, "yes_price_dollars": "0.1900"}
{"count": 45, "count_fp": "45.00", "created_time": "2026-02-28T12:06:00.182659Z", "no_price": 89, "no_price_dollars": "0.8900", "price": 0.11, "taker_side": "no", "ticker": "KXINXU-26MAR02H1600-T6874.9999", "trade_id": "8af7b204-d603-5489-8776-3a9096bae9e0", "yes_price": 11, "yes_price_dollars": "0.1100"}
{"count": 9, "count_fp": "9.00", "created_time": "2026-02-28T12:06:00.182659Z", "no_price": 90, "no_price_dollars": "0.9000", "price": 0.1, "taker_side": "no", "ticker": "KXINXU-26MAR02H1600-T6874.9999", "trade_id": "019535d7-50ab-5727-ae97-186e28a63d04", "yes_price": 10, "yes_price_dollars": "0.1000"}
{"count": 12, "count_fp": "12.00", "created_time": "2026-02-28T11:39:50.412166Z", "no_price": 81, "no_price_dollars": "0.8100", "price": 0.19, "taker_side": "no", "ticker": "KXINXU-26MAR02H1600-T6874.9999", "trade_id": "a119b566-5856-6edb-6c5b-4e422d63bb2e", "yes_price": 19, "yes_price_dollars": "0.1900"}
{"count": 12, "count_fp": "12.00", "created_time": "2026-02-28T11:39:24.408816Z", "no_price": 81, "no_price_dollars": "0.8100", "price": 0.19, "taker_side": "no", "ticker": "KXINXU-26MAR02H1600-T6874.9999", "trade_id": "99ecf40d-1af2-5e57-f74a-413817a249fa", "yes_price": 19, "yes_price_dollars": "0.1900"}
{"count": 49, "count_fp": "49.00", "created_time": "2026-02-28T22:52:17.835095Z", "no_price": 42, "no_price_dollars": "0.4200", "price": 0.58, "taker_side": "yes", "ticker": "KXINXU-26MAR02H1600-T6849.9999", "trade_id": "c61a5763-f829-5123-c000-efd5692331a4", "yes_price": 58, "yes_price_dollars": "0.5800"}
{"count": 49, "count_fp": "49.00", "created_time": "2026-02-28T22:52:17.835095Z", "no_price": 43, "no_price_dollars": "0.4300", "price": 0.57, "taker_side": "yes", "ticker": "KXINXU-26MAR02H1600-T6849.9999", "trade_id": "7c41af35-017b-57a2-cd6d-76f3b95ff713", "yes_price": 57, "yes_price_dollars": "0.5700"}
{"count": 50, "count_fp": "50.00", "created_time": "2026-02-28T22:52:17.835095Z", "no_price": 30, "no_price_dollars": "0.3000", "price": 0.7, "taker_side": "yes", "ticker": "KXINXU-26MAR02H1600-T6849.9999", "trade_id": "5c282385-cd99-5e3b-d804-37608756b760", "yes_price": 70, "yes_price_dollars": "0.7000"}
{"count": 1, "count_fp": "1.00", "created_time": "2026-02-28T22:28:23.643791Z", "no_price": 43, "no_price_dollars": "0.4300", "price": 0.57, "taker_side": "yes", "ticker": "KXINXU-26MAR02H1600-T6849.9999", "trade_id": "71128fd1-204f-6422-b616-63fa5965390f", "yes_price": 57, "yes_price_dollars": "0.5700"}
{"count": 51, "count_fp": "51.00", "created_time": "2026-02-28T22:09:16.820623Z", "no_price": 42, "no_price_dollars": "0.4200", "price": 0.58, "taker_side": "yes", "ticker": "KXINXU-26MAR02H1600-T6849.9999", "trade_id": "b4496862-9555-7a77-0584-d7b940dad364", "yes_price": 58, "yes_price_dollars": "0.5800"}
{"count": 5, "count_fp": "5.00", "created_time": "2026-02-28T21:56:30.081508Z", "no_price": 79, "no_price_dollars": "0.7900", "price": 0.21, "taker_side": "no", "ticker": "KXINXU-26MAR02H1600-T6849.9999", "trade_id": "a22174a2-3537-4a68-cece-e4041da5e8f6", "yes_price": 21, "yes_price_dollars": "0.2100"}
{"count": 5, "count_fp": "5.00", "created_time": "2026-02-28T19:06:30.716808Z", "no_price": 58, "no_price_dollars": "0.5800", "price": 0.42, "taker_side": "yes", "ticker": "KXINXU-26MAR02H1600-T6849.9999", "trade_id": "81609946-7af2-6f03-2b3a-1a031474fd40", "yes_price": 42, "yes_price_dollars": "0.4200"}
{"count": 51, "count_fp": "51.00", "created_time": "2026-02-28T17:48:27.868668Z", "no_price": 37, "no_price_dollars": "0.3700", "price": 0.63, "taker_side": "yes", "ticker": "KXINXU-26MAR02H1600-T6849.9999", "trade_id": "1415cf0b-6ba6-5171-68ea-39dbdf32d899", "yes_price": 63, "yes_price_dollars": "0.6300"}
{"count": 26, "count_fp": "26.00", "created_time": "2026-02-28T16:57:29.530732Z", "no_price": 37, "no_price_dollars": "0.3700", "price": 0.63, "taker_side": "yes", "ticker": "KXINXU-26MAR02H1600-T6849.9999", "trade_id": "c8c575f6-3ccb-523e-e282-294e3a0f3b4f", "yes_price": 63, "yes_price_dollars": "0.6300"}
{"count": 199, "count_fp": "199.00", "created_time": "2026-02-28T16:41:35.526128Z", "no_price": 35, "no_price_dollars": "0.3500", "price": 0.65, "taker_side": "yes", "ticker": "KXINXU-26MAR02H1600-T6849.9999", "trade_id": "79d7c431-f45f-5086-d74d-5e10c6cc2227", "yes_price": 65, "yes_price_dollars": "0.6500"}
{"count": 99, "count_fp": "99.00", "created_time": "2026-02-28T16:41:35.526128Z", "no_price": 11, "no_price_dollars": "0.1100", "price": 0.89, "taker_side": "yes", "ticker": "KXINXU-26MAR02H1600-T6849.9999", "trade_id": "3f05102f-5483-53eb-dcd0-686117a17b8a", "yes_price": 89, "yes_price_dollars": "0.8900"}
{"count": 1, "count_fp": "1.00", "created_time": "2026-02-28T16:41:35.526128Z", "no_price": 10, "no_price_dollars": "0.1000", "price": 0.9, "taker_side": "yes", "ticker": "KXINXU-26MAR02H1600-T6849.9999", "trade_id": "15fb5f5d-d0d6-5f76-ccc6-004173b32d17", "yes_price": 90, "yes_price_dollars": "0.9000"}
{"count": 71, "count_fp": "71.00", "created_time": "2026-02-28T14:16:58.754131Z", "no_price": 87, "no_price_dollars": "0.8700", "price": 0.13, "taker_side": "no", "ticker": "KXINXU-26MAR02H1600-T6849.9999", "trade_id": "95241dc0-d7e8-7a2d-dc34-5ab6d59f6d86", "yes_price": 13, "yes_price_dollars": "0.1300"}
{"count": 18, "count_fp": "18.00", "created_time": "2026-02-28T12:11:56.460895Z", "no_price": 85, "no_price_dollars": "0.8500", "price": 0.15, "taker_side": "no", "ticker": "KXINXU-26MAR02H1600-T6849.9999", "trade_id": "3eec0795-9460-59f1-0b53-e8fb583e2266", "yes_price": 15, "yes_price_dollars": "0.1500"}
{"count": 100, "count_fp": "100.00", "created_time": "2026-02-28T12:11:56.460895Z", "no_price": 84, "no_price_dollars": "0.8400", "price": 0.16, "taker_side": "no", "ticker": "KXINXU-26MAR02H1600-T6849.9999", "trade_id": "33258a4f-2513-5e4f-2347-5657defea1f1", "yes_price": 16, "yes_price_dollars": "0.1600"}
{"count": 5, "count_fp": "5.00", "created_time": "2026-02-28T11:50:35.18842Z", "no_price": 20, "no_price_dollars": "0.2000", "price": 0.8, "taker_side": "yes", "ticker": "KXINXU-26MAR02H1600-T6849.9999", "trade_id": "9e93535c-7fb0-6322-f2e5-e4370f62e64a", "yes_price": 80, "yes_price_dollars": "0.8000"}
{"count": 1, "count_fp": "1.00", "created_time": "2026-02-28T02:44:22.519655Z", "no_price": 51, "no_price_dollars": "0.5100", "price": 0.49, "taker_side": "no", "ticker": "KXINXU-26MAR02H1600-T6849.9999", "trade_id": "8a727872-7ec3-4dff-cc3c-5c0bcce4f07f", "yes_price": 49, "yes_price_dollars": "0.4900"}
{"count": 50, "count_fp": "50.00", "created_time": "2026-02-28T23:05:44.615352Z", "no_price": 27, "no_price_dollars": "0.2700", "price": 0.73, "taker_side": "yes", "ticker": "KXINXU-26MAR02H1600-T6824.9999", "trade_id": "8006ad51-8b21-4080-acc5-f6f701c99ae8", "yes_price": 73, "yes_price_dollars": "0.7300"}
{"count": 17, "count_fp": "17.00", "created_time": "2026-02-28T23:05:44.615352Z", "no_price": 26, "no_price_dollars": "0.2600", "price": 0.74, "taker_side": "yes", "ticker": "KXINXU-26MAR02H1600-T6824.9999", "trade_id": "0e3492a1-fbe2-49e3-ab39-b24e8c7e09a2", "yes_price": 74, "yes_price_dollars": "0.7400"}
{"count": 2, "count_fp": "2.00", "created_time": "2026-02-28T21:02:01.265519Z", "no_price": 22, "no_price_dollars": "0.2200", "price": 0.78, "taker_side": "yes", "ticker": "KXINXU-26MAR02H1600-T6824.9999", "trade_id": "39609b7c-232e-401a-12ed-5cc2a70de55e", "yes_price": 78, "yes_price_dollars": "0.7800"}
{"count": 1, "count_fp": "1.00", "created_time": "2026-02-28T18:49:37.823695Z", "no_price": 18, "no_price_dollars": "0.1800", "price": 0.82, "taker_side": "yes", "ticker": "KXINXU-26MAR02H1600-T6824.9999", "trade_id": "46a21632-1307-75c8-cdf2-d53090751f13", "yes_price": 82, "yes_price_dollars": "0.8200"}
{"count": 1, "count_fp": "1.00", "created_time": "2026-02-28T18:49:33.870622Z", "no_price": 18, "no_price_dollars": "0.1800", "price": 0.82, "taker_side": "yes", "ticker": "KXINXU-26MAR02H1600-T6824.9999", "trade_id": "3d6dc050-eb5f-71e0-8279-8c7c3b2541c7", "yes_price": 82, "yes_price_dollars": "0.8200"}
{"count": 118, "count_fp": "118.00", "created_time": "2026-02-28T16:27:28.325853Z", "no_price": 13, "no_price_dollars": "0.1300", "price": 0.87, "taker_side": "yes", "ticker": "KXINXU-26MAR02H1600-T6824.9999", "trade_id": "fd6b9a83-3610-5960-3e90-d2347be0b20b", "yes_price": 87, "yes_price_dollars": "0.8700"}
{"count": 86, "count_fp": "86.00", "created_time": "2026-02-28T16:27:28.325853Z", "no_price": 12, "no_price_dollars": "0.1200", "price": 0.88, "taker_side": "yes", "ticker": "KXINXU-26MAR02H1600-T6824.9999", "trade_id": "19f4b1e6-4cef-59be-3ed3-515ecd860317", "yes_price": 88, "yes_price_dollars": "0.8800"}
{"count": 16, "count_fp": "16.00", "created_time": "2026-02-28T15:29:19.81028Z", "no_price": 80, "no_price_dollars": "0.8000", "price": 0.2, "taker_side": "no", "ticker": "KXINXU-26MAR02H1600-T6824.9999", "trade_id": "d7c49913-3087-5a85-b546-266b92dbef9d", "yes_price": 20, "yes_price_dollars": "0.2000"}
{"count": 5, "count_fp": "5.00", "created_time": "2026-02-28T22:32:04.696096Z", "no_price": 25, "no_price_dollars": "0.2500", "price": 0.75, "taker_side": "yes", "ticker": "KXINXU-26MAR02H1600-T6799.9999", "trade_id": "46faf6da-f9be-7a2a-1e97-b50a7239621b", "yes_price": 75, "yes_price_dollars": "0.7500"}
{"count": 10, "count_fp": "10.00", "created_time": "2026-02-28T21:49:33.523101Z", "no_price": 23, "no_price_dollars": "0.2300", "price": 0.77, "taker_side": "yes", "ticker": "KXINXU-26MAR02H1600-T6799.9999", "trade_id": "97b6c1cf-15d4-4625-2619-db1ba3ffdda8", "yes_price": 77, "yes_price_dollars": "0.7700"}
{"count": 2, "count_fp": "2.00", "created_time": "2026-02-28T21:02:01.631545Z", "no_price": 23, "no_price_dollars": "0.2300", "price": 0.77, "taker_side": "yes", "ticker": "KXINXU-26MAR02H1600-T6799.9999", "trade_id": "c25e389c-417e-689e-5f54-97232de027d0", "yes_price": 77, "yes_price_dollars": "0.7700"}
{"count": 1, "count_fp": "1.00", "created_time": "2026-02-28T16:59:24.094843Z", "no_price": 96, "no_price_dollars": "0.9600", "price": 0.04, "taker_side": "no", "ticker": "KXINXU-26MAR02H1600-T6799.9999", "trade_id": "f33ffc1c-26ef-671e-b53f-93082b1796b4", "yes_price": 4, "yes_price_dollars": "0.0400"}
{"count": 200, "count_fp": "200.00", "created_time": "2026-02-28T16:29:42.166636Z", "no_price": 27, "no_price_dollars": "0.2700", "price": 0.73, "taker_side": "yes", "ticker": "KXINXU-26MAR02H1600-T6799.9999", "trade_id": "c35f228d-88d8-6bb0-9bb1-6761ea566613", "yes_price": 73, "yes_price_dollars": "0.7300"}
{"count": 40, "count_fp": "40.00", "created_time": "2026-02-28T16:29:42.166636Z", "no_price": 21, "no_price_dollars": "0.2100", "price": 0.79, "taker_side": "yes", "ticker": "KXINXU-26MAR02H1600-T6799.9999", "trade_id": "1ab23c34-525b-6a4b-b35c-a62e574bc539", "yes_price": 79, "yes_price_dollars": "0.7900"}
{"count": 10, "count_fp": "10.00", "created_time": "2026-02-28T13:37:17.867431Z", "no_price": 80, "no_price_dollars": "0.8000", "price": 0.2, "taker_side": "no", "ticker": "KXINXU-26MAR02H1600-T6799.9999", "trade_id": "967eca6f-5f7c-5b41-a395-9d1ad0932bb7", "yes_price": 20, "yes_price_dollars": "0.2000"}
{"count": 10, "count_fp": "10.00", "created_time": "2026-02-28T13:37:17.867431Z", "no_price": 90, "no_price_dollars": "0.9000", "price": 0.1, "taker_side": "no", "ticker": "KXINXU-26MAR02H1600-T6799.9999", "trade_id": "95d92ecd-5aa6-5282-aef1-2e3ca15f0001", "yes_price": 10, "yes_price_dollars": "0.1000"}
{"count": 200, "count_fp": "200.00", "created_time": "2026-02-28T13:37:17.867431Z", "no_price": 81, "no_price_dollars": "0.8100", "price": 0.19, "taker_side": "no", "ticker": "KXINXU-26MAR02H1600-T6799.9999", "trade_id": "8d6e3bed-0038-5911-bba9-1581ffc43ab8", "yes_price": 19, "yes_price_dollars": "0.1900"}
{"count": 90, "count_fp": "90.00", "created_time": "2026-02-28T13:37:17.867431Z", "no_price": 89, "no_price_dollars": "0.8900", "price": 0.11, "taker_side": "no", "ticker": "KXINXU-26MAR02H1600-T6799.9999", "trade_id": "68cb27a5-6ce7-55ff-ae82-ac534ad4a8c8", "yes_price": 11, "yes_price_dollars": "0.1100"}
{"count": 6, "count_fp": "6.00", "created_time": "2026-02-28T12:37:18.082742Z", "no_price": 80, "no_price_dollars": "0.8000", "price": 0.2, "taker_side": "no", "ticker": "KXINXU-26MAR02H1600-T6799.9999", "trade_id": "44b806a6-8b5c-6f09-f9ff-a4c68977acb3", "yes_price": 20, "yes_price_dollars": "0.2000"}
{"count": 84, "count_fp": "84.00", "created_time": "2026-02-28T12:12:33.497349Z", "no_price": 80, "no_price_dollars": "0.8000", "price": 0.2, "taker_side": "no", "ticker": "KXINXU-26MAR02H1600-T6799.9999", "trade_id": "8fdd8aab-6930-4219-d703-137377e7e327", "yes_price": 20, "yes_price_dollars": "0.2000"}
{"count": 40, "count_fp": "40.00", "created_time": "2026-02-28T12:12:33.497349Z", "no_price": 80, "no_price_dollars": "0.8000", "price": 0.2, "taker_side": "no", "ticker": "KXINXU-26MAR02H1600-T6799.9999", "trade_id": "65095dfd-19c2-4dd8-d15d-39b131b45bfa", "yes_price": 20, "yes_price_dollars": "0.2000"}
{"count": 60, "count_fp": "60.00", "created_time": "2026-02-28T07:02:44.998808Z", "no_price": 80, "no_price_dollars": "0.8000", "price": 0.2, "taker_side": "no", "ticker": "KXINXU-26MAR02H1600-T6799.9999", "trade_id": "c7f2e458-d2e2-6e44-5361-80e87f9b98ca", "yes_price": 20, "yes_price_dollars": "0.2000"}
{"count": 1, "count_fp": "1.00", "created_time": "2026-02-28T16:06:11.525368Z", "no_price": 1, "no_price_dollars": "0.0100", "price": 0.99, "taker_side": "yes", "ticker": "KXINXU-26MAR02H1600-T6699.9999", "trade_id": "b00c8502-4243-548a-9337-57a50e2d17d3", "yes_price": 99, "yes_price_dollars": "0.9900"}
{"count": 4, "count_fp": "4.00", "created_time": "2026-02-28T16:04:03.885712Z", "no_price": 21, "no_price_dollars": "0.2100", "price": 0.79, "taker_side": "no", "ticker": "KXINXU-26MAR02H1600-T6699.9999", "trade_id": "4fc33990-4c8b-6a9c-cf4d-8585d7ba2918", "yes_price": 79, "yes_price_dollars": "0.7900"}
{"count": 1, "count_fp": "1.00", "created_time": "2026-02-28T14:55:38.076053Z", "no_price": 1, "no_price_dollars": "0.0100", "price": 0.99, "taker_side": "yes", "ticker": "KXINXU-26MAR02H1600-T6699.9999", "trade_id": "d1a5e1b5-e157-7f02-b68c-24efb7c3b9ef", "yes_price": 99, "yes_price_dollars": "0.9900"}
{"count": 10, "count_fp": "10.00", "created_time": "2026-02-28T14:37:51.009401Z", "no_price": 78, "no_price_dollars": "0.7800", "price": 0.22, "taker_side": "yes", "ticker": "KXINXU-26MAR02H1600-T6699.9999", "trade_id": "ad4db9fc-2fd5-5180-64bb-59d4880d0bfb", "yes_price": 22, "yes_price_dollars": "0.2200"}
{"count": 1, "count_fp": "1.00", "created_time": "2026-02-28T14:37:50.980066Z", "no_price": 78, "no_price_dollars": "0.7800", "price": 0.22, "taker_side": "no", "ticker": "KXINXU-26MAR02H1600-T6699.9999", "trade_id": "67bb0861-b762-464f-be74-081e4dd3fa7f", "yes_price": 22, "yes_price_dollars": "0.2200"}
{"count": 2, "count_fp": "2.00", "created_time": "2026-02-28T14:37:50.980066Z", "no_price": 78, "no_price_dollars": "0.7800", "price": 0.22, "taker_side": "no", "ticker": "KXINXU-26MAR02H1600-T6699.9999", "trade_id": "1041f8a4-dfe6-426d-bf3b-eef30240ed38", "yes_price": 22, "yes_price_dollars": "0.2200"}
{"count": 1, "count_fp": "1.00", "created_time": "2026-02-28T12:06:07.896409Z", "no_price": 1, "no_price_dollars": "0.0100", "price": 0.99, "taker_side": "yes", "ticker": "KXINXU-26MAR02H1600-T6699.9999", "trade_id": "8947235f-8f47-5dea-c079-ade92de5aae7", "yes_price": 99, "yes_price_dollars": "0.9900"}
{"count": 30, "count_fp": "30.00", "created_time": "2026-02-28T12:06:00.413141Z", "no_price": 15, "no_price_dollars": "0.1500", "price": 0.85, "taker_side": "yes", "ticker": "KXINXU-26MAR02H1600-T6699.9999", "trade_id": "a7000b5c-fea6-7c0d-bb6d-5c39b8e872a1", "yes_price": 85, "yes_price_dollars": "0.8500"}
{"count": 77, "count_fp": "77.00", "created_time": "2026-02-28T12:06:00.413141Z", "no_price": 15, "no_price_dollars": "0.1500", "price": 0.85, "taker_side": "yes", "ticker": "KXINXU-26MAR02H1600-T6699.9999", "trade_id": "7d53a4aa-56a7-77d4-9241-25a84485e9ba", "yes_price": 85, "yes_price_dollars": "0.8500"}
{"count": 13, "count_fp": "13.00", "created_time": "2026-02-28T12:05:37.301046Z", "no_price": 15, "no_price_dollars": "0.1500", "price": 0.85, "taker_side": "yes", "ticker": "KXINXU-26MAR02H1600-T6699.9999", "trade_id": "6e66597a-31de-423d-b9aa-265762d4b289", "yes_price": 85, "yes_price_dollars": "0.8500"}
{"count": 1, "count_fp": "1.00", "created_time": "2026-02-28T12:05:09.324123Z", "no_price": 15, "no_price_dollars": "0.1500", "price": 0.85, "taker_side": "yes", "ticker": "KXINXU-26MAR02H1600-T6699.9999", "trade_id": "06dcc417-d376-66e5-4fa8-1b0b83bd0569", "yes_price": 85, "yes_price_dollars": "0.8500"}
{"count": 1, "count_fp": "1.00", "created_time": "2026-02-28T11:30:17.80656Z", "no_price": 78, "no_price_dollars": "0.7800", "price": 0.22, "taker_side": "no", "ticker": "KXINXU-26MAR02H1600-T6699.9999", "trade_id": "1ee4a957-71e7-61e3-2689-47d5a984cdf5", "yes_price": 22, "yes_price_dollars": "0.2200"}
{"count": 13, "count_fp": "13.00", "created_time": "2026-02-28T11:30:17.80656Z", "no_price": 78, "no_price_dollars": "0.7800", "price": 0.22, "taker_side": "no", "ticker": "KXINXU-26MAR02H1600-T6699.9999", "trade_id": "00a9bdca-8d86-69ed-24fe-51561f3ac8e0", "yes_price": 22, "yes_price_dollars": "0.2200"}
{"count": 13, "count_fp": "13.00", "created_time": "2026-02-28T11:25:04.631793Z", "no_price": 15, "no_price_dollars": "0.1500", "price": 0.85, "taker_side": "yes", "ticker": "KXINXU-26MAR02H1600-T6699.9999", "trade_id": "8466cc5c-3e26-7625-c5a2-b1bae668b281", "yes_price": 85, "yes_price_dollars": "0.8500"}
{"count": 14, "count_fp": "14.00", "created_time": "2026-02-28T11:19:02.271434Z", "no_price": 15, "no_price_dollars": "0.1500", "price": 0.85, "taker_side": "yes", "ticker": "KXINXU-26MAR02H1600-T6699.9999", "trade_id": "fc60e988-e5fe-6891-c081-9b79ffd8da35", "yes_price": 85, "yes_price_dollars": "0.8500"}
{"count": 15, "count_fp": "15.00", "created_time": "2026-02-28T11:13:06.722066Z", "no_price": 15, "no_price_dollars": "0.1500", "price": 0.85, "taker_side": "yes", "ticker": "KXINXU-26MAR02H1600-T6699.9999", "trade_id": "b185f727-de32-7f51-cb0f-475fcef00c71", "yes_price": 85, "yes_price_dollars": "0.8500"}
{"count": 16, "count_fp": "16.00", "created_time": "2026-02-28T11:04:10.027855Z", "no_price": 78, "no_price_dollars": "0.7800", "price": 0.22, "taker_side": "no", "ticker": "KXINXU-26MAR02H1600-T6699.9999", "trade_id": "0e575209-1887-6f13-6b71-b4873f7f8d69", "yes_price": 22, "yes_price_dollars": "0.2200"}
{"count": 14, "count_fp": "14.00", "created_time": "2026-02-28T10:55:03.108951Z", "no_price": 78, "no_price_dollars": "0.7800", "price": 0.22, "taker_side": "no", "ticker": "KXINXU-26MAR02H1600-T6699.9999", "trade_id": "90fbfbd4-91cb-7c9f-d250-92cfd9f43681", "yes_price": 22, "yes_price_dollars": "0.2200"}
{"count": 14, "count_fp": "14.00", "created_time": "2026-02-28T10:47:44.243192Z", "no_price": 15, "no_price_dollars": "0.1500", "price": 0.85, "taker_side": "yes", "ticker": "KXINXU-26MAR02H1600-T6699.9999", "trade_id": "f951bd93-9f8a-7755-069b-969033798181", "yes_price": 85, "yes_price_dollars": "0.8500"}
{"count": 1, "count_fp": "1.00", "created_time": "2026-02-28T04:49:59.640266Z", "no_price": 1, "no_price_dollars": "0.0100", "price": 0.99, "taker_side": "yes", "ticker": "KXINXU-26MAR02H1600-T6699.9999", "trade_id": "58f1a5d2-2ff7-4cb2-fa20-de3ed16cd10b", "yes_price": 99, "yes_price_dollars": "0.9900"}
{"count": 1, "count_fp": "1.00", "created_time": "2026-02-28T04:31:54.446951Z", "no_price": 21, "no_price_dollars": "0.2100", "price": 0.79, "taker_side": "no", "ticker": "KXINXU-26MAR02H1600-T6699.9999", "trade_id": "5e1f2cc4-db2e-6ff4-70a2-726ab399e4a7", "yes_price": 79, "yes_price_dollars": "0.7900"}
{"count": 1, "count_fp": "1.00", "created_time": "2026-02-28T04:31:34.218881Z", "no_price": 21, "no_price_dollars": "0.2100", "price": 0.79, "taker_side": "no", "ticker": "KXINXU-26MAR02H1600-T6699.9999", "trade_id": "8f595ec5-e536-5594-0dc6-aeb11f497003", "yes_price": 79, "yes_price_dollars": "0.7900"}
{"count": 80, "count_fp": "80.00", "created_time": "2026-02-28T03:44:46.225996Z", "no_price": 1, "no_price_dollars": "0.0100", "price": 0.99, "taker_side": "yes", "ticker": "KXINXU-26MAR02H1600-T6699.9999", "trade_id": "7e521095-d8a3-5bf6-9fff-ad0cae21e927", "yes_price": 99, "yes_price_dollars": "0.9900"}
{"count": 9, "count_fp": "9.00", "created_time": "2026-02-28T03:12:22.351829Z", "no_price": 1, "no_price_dollars": "0.0100", "price": 0.99, "taker_side": "yes", "ticker": "KXINXU-26MAR02H1600-T6699.9999", "trade_id": "ee08607c-0d2b-4e5a-b6de-714e817ac8db", "yes_price": 99, "yes_price_dollars": "0.9900"}
{"count": 1, "count_fp": "1.00", "created_time": "2026-02-28T01:54:03.278792Z", "no_price": 1, "no_price_dollars": "0.0100", "price": 0.99, "taker_side": "yes", "ticker": "KXINXU-26MAR02H1600-T6699.9999", "trade_id": "033a57d9-eda7-7d9e-3570-722a72c8479b", "yes_price": 99, "yes_price_dollars": "0.9900"}
{"count": 16, "count_fp": "16.00", "created_time": "2026-02-28T01:53:13.941149Z", "no_price": 23, "no_price_dollars": "0.2300", "price": 0.77, "taker_side": "no", "ticker": "KXINXU-26MAR02H1600-T6699.9999", "trade_id": "2ada37df-5896-5fe6-e3a7-027eac6ed5b9", "yes_price": 77, "yes_price_dollars": "0.7700"}
{"count": 10, "count_fp": "10.00", "created_time": "2026-02-28T01:33:55.201892Z", "no_price": 1, "no_price_dollars": "0.0100", "price": 0.99, "taker_side": "yes", "ticker": "KXINXU-26MAR02H1600-T6699.9999", "trade_id": "53d3bf66-00cf-497a-0232-d68c4a233c43", "yes_price": 99, "yes_price_dollars": "0.9900"}
{"count": 80, "count_fp": "80.00", "created_time": "2026-02-28T00:50:48.287986Z", "no_price": 1, "no_price_dollars": "0.0100", "price": 0.99, "taker_side": "yes", "ticker": "KXINXU-26MAR02H1600-T6699.9999", "trade_id": "53351919-c637-5c86-8ac1-071f80e049bf", "yes_price": 99, "yes_price_dollars": "0.9900"}
{"count": 1, "count_fp": "1.00", "created_time": "2026-02-28T04:42:29.572203Z", "no_price": 6, "no_price_dollars": "0.0600", "price": 0.94, "taker_side": "yes", "ticker": "KXINXU-26MAR02H1600-T6674.9999", "trade_id": "3b8e3bc7-d07e-7ad4-0dae-fbd7b7e0dc34", "yes_price": 94, "yes_price_dollars": "0.9400"}
{"count": 1, "count_fp": "1.00", "created_time": "2026-02-28T04:42:25.043622Z", "no_price": 15, "no_price_dollars": "0.1500", "price": 0.85, "taker_side": "yes", "ticker": "KXINXU-26MAR02H1600-T6674.9999", "trade_id": "de9b3180-2da5-5f14-d69f-01109ce8c6ef", "yes_price": 85, "yes_price_dollars": "0.8500"}
{"count": 1, "count_fp": "1.00", "created_time": "2026-02-28T04:42:22.244706Z", "no_price": 40, "no_price_dollars": "0.4000", "price": 0.6, "taker_side": "yes", "ticker": "KXINXU-26MAR02H1600-T6674.9999", "trade_id": "afccbe80-66a2-4020-dba5-ea289b43e111", "yes_price": 60, "yes_price_dollars": "0.6000"}
{"count": 1, "count_fp": "1.00", "created_time": "2026-02-28T01:33:51.18742Z", "no_price": 1, "no_price_dollars": "0.0100", "price": 0.99, "taker_side": "yes", "ticker": "KXINXU-26MAR02H1600-T6674.9999", "trade_id": "0fa4c6f0-45a2-4d1a-d0ae-6e714815a06b", "yes_price": 99, "yes_price_dollars": "0.9900"}
{"count": 1, "count_fp": "1.00", "created_time": "2026-02-28T01:26:32.882395Z", "no_price": 89, "no_price_dollars": "0.8900", "price": 0.11, "taker_side": "no", "ticker": "KXINXU-26MAR02H1600-T6674.9999", "trade_id": "82a67250-a084-72d6-63f0-f405a1601914", "yes_price": 11, "yes_price_dollars": "0.1100"}
{"count": 6, "count_fp": "6.00", "created_time": "2026-02-28T22:24:05.40471Z", "no_price": 75, "no_price_dollars": "0.7500", "price": 0.25, "taker_side": "no", "ticker": "KXINXU-26MAR02H1600-T6649.9999", "trade_id": "4bfee540-0537-5c9c-9685-f2e2440ef05c", "yes_price": 25, "yes_price_dollars": "0.2500"}
{"count": 1, "count_fp": "1.00", "created_time": "2026-02-28T04:31:54.447937Z", "no_price": 30, "no_price_dollars": "0.3000", "price": 0.7, "taker_side": "yes", "ticker": "KXINXU-26MAR02H1600-T6649.9999", "trade_id": "aaec32bc-b5e4-4f8e-e950-5c15f91d4b6f", "yes_price": 70, "yes_price_dollars": "0.7000"}
{"count": 1, "count_fp": "1.00", "created_time": "2026-02-28T04:31:34.217996Z", "no_price": 41, "no_price_dollars": "0.4100", "price": 0.59, "taker_side": "yes", "ticker": "KXINXU-26MAR02H1600-T6649.9999", "trade_id": "e6baa6c0-fbab-5aea-cd1b-615c460c0d0e", "yes_price": 59, "yes_price_dollars": "0.5900"}
{"count": 1, "count_fp": "1.00", "created_time": "2026-02-28T02:47:39.811021Z", "no_price": 6, "no_price_dollars": "0.0600", "price": 0.94, "taker_side": "yes", "ticker": "KXINXU-26MAR02H1600-T6624.9999", "trade_id": "d7533392-ad43-5c53-51a1-a7c335619b54", "yes_price": 94, "yes_price_dollars": "0.9400"}
{"count": 1, "count_fp": "1.00", "created_time": "2026-02-28T02:47:36.485036Z", "no_price": 16, "no_price_dollars": "0.1600", "price": 0.84, "taker_side": "yes", "ticker": "KXINXU-26MAR02H1600-T6624.9999", "trade_id": "d67356ab-fe51-4805-64af-978249e30dbf", "yes_price": 84, "yes_price_dollars": "0.8400"}
{"count": 1, "count_fp": "1.00", "created_time": "2026-02-28T02:47:33.054899Z", "no_price": 41, "no_price_dollars": "0.4100", "price": 0.59, "taker_side": "yes", "ticker": "KXINXU-26MAR02H1600-T6624.9999", "trade_id": "8c1689a2-76e6-66ab-f4f9-a6187e9fe800", "yes_price": 59, "yes_price_dollars": "0.5900"}
{"count": 1, "count_fp": "1.00", "created_time": "2026-02-28T02:47:25.918268Z", "no_price": 6, "no_price_dollars": "0.0600", "price": 0.94, "taker_side": "yes", "ticker": "KXINXU-26MAR02H1600-T6599.9999", "trade_id": "4837e8b0-95f6-7ed6-e7e3-bb5bf051a296", "yes_price": 94, "yes_price_dollars": "0.9400"}
{"count": 1, "count_fp": "1.00", "created_time": "2026-02-28T02:47:16.239921Z", "no_price": 15, "no_price_dollars": "0.1500", "price": 0.85, "taker_side": "yes", "ticker": "KXINXU-26MAR02H1600-T6599.9999", "trade_id": "643f4126-b806-56fc-2d5c-d81bb87d4476", "yes_price": 85, "yes_price_dollars": "0.8500"}
{"count": 1, "count_fp": "1.00", "created_time": "2026-02-28T02:47:10.446212Z", "no_price": 40, "no_price_dollars": "0.4000", "price": 0.6, "taker_side": "yes", "ticker": "KXINXU-26MAR02H1600-T6599.9999", "trade_id": "a1c642f8-a284-5d9d-d445-f744887043cd", "yes_price": 60, "yes_price_dollars": "0.6000"}
{"count": 13, "count_fp": "13.00", "created_time": "2026-02-28T23:00:19.199881Z", "no_price": 15, "no_price_dollars": "0.1500", "price": 0.85, "taker_side": "no", "ticker": "KXINXU-26MAR02H1600-T6574.9999", "trade_id": "0865637f-7704-5dc0-a848-b6553ce74ce9", "yes_price": 85, "yes_price_dollars": "0.8500"}
{"count": 29, "count_fp": "29.00", "created_time": "2026-02-28T22:55:08.908338Z", "no_price": 15, "no_price_dollars": "0.1500", "price": 0.85, "taker_side": "no", "ticker": "KXINXU-26MAR02H1600-T6574.9999", "trade_id": "c396eee2-5cf4-41ac-f23e-26d26fd6ea6d", "yes_price": 85, "yes_price_dollars": "0.8500"}
{"count": 7, "count_fp": "7.00", "created_time": "2026-02-28T22:54:34.689866Z", "no_price": 15, "no_price_dollars": "0.1500", "price": 0.85, "taker_side": "no", "ticker": "KXINXU-26MAR02H1600-T6574.9999", "trade_id": "f96ca124-af80-6364-3ab6-dec29b09bb6d", "yes_price": 85, "yes_price_dollars": "0.8500"}
{"count": 5, "count_fp": "5.00", "created_time": "2026-02-28T22:53:37.152681Z", "no_price": 14, "no_price_dollars": "0.1400", "price": 0.86, "taker_side": "no", "ticker": "KXINXU-26MAR02H1600-T6549.9999", "trade_id": "152a89fd-249c-5e24-fa02-222795164419", "yes_price": 86, "yes_price_dollars": "0.8600"}
{"count": 9, "count_fp": "9.00", "created_time": "2026-02-28T22:32:00.102731Z", "no_price": 14, "no_price_dollars": "0.1400", "price": 0.86, "taker_side": "no", "ticker": "KXINXU-26MAR02H1600-T6549.9999", "trade_id": "d6313ae4-32bc-5f68-d7b6-6190e43fe875", "yes_price": 86, "yes_price_dollars": "0.8600"}
{"count": 51, "count_fp": "51.00", "created_time": "2026-02-28T22:29:56.46597Z", "no_price": 15, "no_price_dollars": "0.1500", "price": 0.85, "taker_side": "no", "ticker": "KXINXU-26MAR02H1600-T6549.9999", "trade_id": "ab0ad4ab-cbeb-4a68-ad6a-53d224b3c103", "yes_price": 85, "yes_price_dollars": "0.8500"}
{"count": 1, "count_fp": "1.00", "created_time": "2026-02-28T14:58:02.169662Z", "no_price": 3, "no_price_dollars": "0.0300", "price": 0.97, "taker_side": "yes", "ticker": "KXINXU-26MAR02H1600-T6549.9999", "trade_id": "fc14fec2-94b5-79f4-be7d-7d70f84394c7", "yes_price": 97, "yes_price_dollars": "0.9700"}
{"count": 194, "count_fp": "194.00", "created_time": "2026-02-28T14:55:36.739613Z", "no_price": 16, "no_price_dollars": "0.1600", "price": 0.84, "taker_side": "no", "ticker": "KXINXU-26MAR02H1600-T6549.9999", "trade_id": "dfbfe311-4d56-54aa-c4a1-f9a1e80712a0", "yes_price": 84, "yes_price_dollars": "0.8400"}
{"count": 1, "count_fp": "1.00", "created_time": "2026-02-28T14:31:15.305488Z", "no_price": 7, "no_price_dollars": "0.0700", "price": 0.93, "taker_side": "yes", "ticker": "KXINXU-26MAR02H1600-T6549.9999", "trade_id": "f1586188-8756-5742-f6e4-684dfd49d294", "yes_price": 93, "yes_price_dollars": "0.9300"}
{"count": 91, "count_fp": "91.00", "created_time": "2026-02-28T14:31:15.305488Z", "no_price": 7, "no_price_dollars": "0.0700", "price": 0.93, "taker_side": "yes", "ticker": "KXINXU-26MAR02H1600-T6549.9999", "trade_id": "83ae7c4f-9405-5e18-dec5-cc58bf44b6e4", "yes_price": 93, "yes_price_dollars": "0.9300"}
{"count": 1, "count_fp": "1.00", "created_time": "2026-02-28T16:06:15.051915Z", "no_price": 3, "no_price_dollars": "0.0300", "price": 0.97, "taker_side": "yes", "ticker": "KXINXU-26MAR02H1600-T6524.9999", "trade_id": "03b4c33e-4f32-58ec-9bdb-f267ece21aa0", "yes_price": 97, "yes_price_dollars": "0.9700"}
{"count": 101, "count_fp": "101.00", "created_time": "2026-02-28T16:06:06.897317Z", "no_price": 7, "no_price_dollars": "0.0700", "price": 0.93, "taker_side": "yes", "ticker": "KXINXU-26MAR02H1600-T6524.9999", "trade_id": "5e827bf7-11e3-7675-9f45-44d2cfa69d96", "yes_price": 93, "yes_price_dollars": "0.9300"}
{"count": 1, "count_fp": "1.00", "created_time": "2026-02-28T16:06:06.897317Z", "no_price": 7, "no_price_dollars": "0.0700", "price": 0.93, "taker_side": "yes", "ticker": "KXINXU-26MAR02H1600-T6524.9999", "trade_id": "30f1a517-93a6-7f49-a67e-888f2177eb91", "yes_price": 93, "yes_price_dollars": "0.9300"}
{"count": 1, "count_fp": "1.00", "created_time": "2026-02-28T23:02:21.702542Z", "no_price": 39, "no_price_dollars": "0.3900", "price": 0.61, "taker_side": "yes", "ticker": "KXINXPOS-26DEC31H1900-T6845.5", "trade_id": "8c77f23f-8036-46cb-0dea-d69cbbadcc02", "yes_price": 61, "yes_price_dollars": "0.6100"}
{"count": 7, "count_fp": "7.00", "created_time": "2026-02-28T22:14:47.80042Z", "no_price": 38, "no_price_dollars": "0.3800", "price": 0.62, "taker_side": "yes", "ticker": "KXINXPOS-26DEC31H1900-T6845.5", "trade_id": "2c4d76ee-3a9e-5a85-52d7-24740e5d6324", "yes_price": 62, "yes_price_dollars": "0.6200"}
{"count": 5, "count_fp": "5.00", "created_time": "2026-02-28T21:19:26.853112Z", "no_price": 39, "no_price_dollars": "0.3900", "price": 0.61, "taker_side": "yes", "ticker": "KXINXPOS-26DEC31H1900-T6845.5", "trade_id": "e33b10ad-6b68-7d05-577c-523bb314ffde", "yes_price": 61, "yes_price_dollars": "0.6100"}
{"count": 7, "count_fp": "7.00", "created_time": "2026-02-28T20:58:17.671855Z", "no_price": 39, "no_price_dollars": "0.3900", "price": 0.61, "taker_side": "yes", "ticker": "KXINXPOS-26DEC31H1900-T6845.5", "trade_id": "a0afb4c8-b3f4-61b3-2fee-3f15daf60858", "yes_price": 61, "yes_price_dollars": "0.6100"}
{"count": 15, "count_fp": "15.00", "created_time": "2026-02-28T19:48:58.98545Z", "no_price": 39, "no_price_dollars": "0.3900", "price": 0.61, "taker_side": "yes", "ticker": "KXINXPOS-26DEC31H1900-T6845.5", "trade_id": "654ad957-6402-53f5-0b8e-96e79e2ef74f", "yes_price": 61, "yes_price_dollars": "0.6100"}
{"count": 157, "count_fp": "157.00", "created_time": "2026-02-28T19:44:59.098398Z", "no_price": 38, "no_price_dollars": "0.3800", "price": 0.62, "taker_side": "yes", "ticker": "KXINXPOS-26DEC31H1900-T6845.5", "trade_id": "9b37e2e9-66f6-5b7d-b25a-3a9d4e189a10", "yes_price": 62, "yes_price_dollars": "0.6200"}
{"count": 2, "count_fp": "2.00", "created_time": "2026-02-28T19:44:59.098398Z", "no_price": 40, "no_price_dollars": "0.4000", "price": 0.6, "taker_side": "yes", "ticker": "KXINXPOS-26DEC31H1900-T6845.5", "trade_id": "03982625-5442-522e-9f6c-7613c8f8636f", "yes_price": 60, "yes_price_dollars": "0.6000"}
{"count": 2, "count_fp": "2.00", "created_time": "2026-02-28T18:23:33.991233Z", "no_price": 42, "no_price_dollars": "0.4200", "price": 0.58, "taker_side": "no", "ticker": "KXINXPOS-26DEC31H1900-T6845.5", "trade_id": "a453305c-6512-7989-7ef3-334ed612b260", "yes_price": 58, "yes_price_dollars": "0.5800"}
{"count": 38, "count_fp": "38.00", "created_time": "2026-02-28T18:22:58.49089Z", "no_price": 41, "no_price_dollars": "0.4100", "price": 0.59, "taker_side": "no", "ticker": "KXINXPOS-26DEC31H1900-T6845.5", "trade_id": "57402ff2-7695-7b70-2618-6c913fc9d1e2", "yes_price": 59, "yes_price_dollars": "0.5900"}
{"count": 1, "count_fp": "1.00", "created_time": "2026-02-28T18:01:30.606566Z", "no_price": 39, "no_price_dollars": "0.3900", "price": 0.61, "taker_side": "yes", "ticker": "KXINXPOS-26DEC31H1900-T6845.5", "trade_id": "7d82d0b2-1ae3-6dff-65bb-1005df2a8f2a", "yes_price": 61, "yes_price_dollars": "0.6100"}
{"count": 29, "count_fp": "29.00", "created_time": "2026-02-28T16:19:13.529353Z", "no_price": 38, "no_price_dollars": "0.3800", "price": 0.62, "taker_side": "yes", "ticker": "KXINXPOS-26DEC31H1900-T6845.5", "trade_id": "cd5e6283-548a-5e45-4967-34e99482c03c", "yes_price": 62, "yes_price_dollars": "0.6200"}
{"count": 10, "count_fp": "10.00", "created_time": "2026-02-28T16:19:13.529353Z", "no_price": 39, "no_price_dollars": "0.3900", "price": 0.61, "taker_side": "yes", "ticker": "KXINXPOS-26DEC31H1900-T6845.5", "trade_id": "c8a21960-4b2f-5a0f-5a9b-3feca5be3d7c", "yes_price": 61, "yes_price_dollars": "0.6100"}
{"count": 15, "count_fp": "15.00", "created_time": "2026-02-28T16:11:01.961251Z", "no_price": 38, "no_price_dollars": "0.3800", "price": 0.62, "taker_side": "yes", "ticker": "KXINXPOS-26DEC31H1900-T6845.5", "trade_id": "8fbf953f-4086-65c5-918d-ab59595a14dc", "yes_price": 62, "yes_price_dollars": "0.6200"}
{"count": 25, "count_fp": "25.00", "created_time": "2026-02-28T16:11:01.961251Z", "no_price": 40, "no_price_dollars": "0.4000", "price": 0.6, "taker_side": "yes", "ticker": "KXINXPOS-26DEC31H1900-T6845.5", "trade_id": "7abaccd8-799a-6b50-9d27-6f0c26a316b2", "yes_price": 60, "yes_price_dollars": "0.6000"}
{"count": 8, "count_fp": "8.00", "created_time": "2026-02-28T15:21:58.083824Z", "no_price": 39, "no_price_dollars": "0.3900", "price": 0.61, "taker_side": "yes", "ticker": "KXINXPOS-26DEC31H1900-T6845.5", "trade_id": "34de1297-e7f4-513d-e721-31dd21456acf", "yes_price": 61, "yes_price_dollars": "0.6100"}
{"count": 25, "count_fp": "25.00", "created_time": "2026-02-28T13:46:43.952067Z", "no_price": 41, "no_price_dollars": "0.4100", "price": 0.59, "taker_side": "no", "ticker": "KXINXPOS-26DEC31H1900-T6845.5", "trade_id": "731622a8-3365-4b19-7b5d-bd3c1606ca85", "yes_price": 59, "yes_price_dollars": "0.5900"}
{"count": 10, "count_fp": "10.00", "created_time": "2026-02-28T13:25:10.515409Z", "no_price": 41, "no_price_dollars": "0.4100", "price": 0.59, "taker_side": "no", "ticker": "KXINXPOS-26DEC31H1900-T6845.5", "trade_id": "f3cab63d-4b08-469e-e844-b7782cc4d61b", "yes_price": 59, "yes_price_dollars": "0.5900"}
{"count": 324, "count_fp": "324.00", "created_time": "2026-02-28T13:00:12.305959Z", "no_price": 39, "no_price_dollars": "0.3900", "price": 0.61, "taker_side": "yes", "ticker": "KXINXPOS-26DEC31H1900-T6845.5", "trade_id": "7bd0a61d-4405-622a-27cd-495abe8e7580", "yes_price": 61, "yes_price_dollars": "0.6100"}
{"count": 279, "count_fp": "279.00", "created_time": "2026-02-28T13:00:12.305959Z", "no_price": 38, "no_price_dollars": "0.3800", "price": 0.62, "taker_side": "yes", "ticker": "KXINXPOS-26DEC31H1900-T6845.5", "trade_id": "632c8ea9-83ba-634d-05b7-389e95359834", "yes_price": 62, "yes_price_dollars": "0.6200"}
{"count": 28, "count_fp": "28.00", "created_time": "2026-02-28T13:00:12.305959Z", "no_price": 40, "no_price_dollars": "0.4000", "price": 0.6, "taker_side": "yes", "ticker": "KXINXPOS-26DEC31H1900-T6845.5", "trade_id": "4f61fad6-b764-6422-0336-57beea748f04", "yes_price": 60, "yes_price_dollars": "0.6000"}
{"count": 1, "count_fp": "1.00", "created_time": "2026-02-28T13:00:12.305959Z", "no_price": 39, "no_price_dollars": "0.3900", "price": 0.61, "taker_side": "yes", "ticker": "KXINXPOS-26DEC31H1900-T6845.5", "trade_id": "3d8574c6-bed8-6b19-16b6-c3d5afa8e8f9", "yes_price": 61, "yes_price_dollars": "0.6100"}
{"count": 10, "count_fp": "10.00", "created_time": "2026-02-28T13:00:12.305959Z", "no_price": 39, "no_price_dollars": "0.3900", "price": 0.61, "taker_side": "yes", "ticker": "KXINXPOS-26DEC31H1900-T6845.5", "trade_id": "0dc8aef7-c6a7-6504-3442-5a2a3b917853", "yes_price": 61, "yes_price_dollars": "0.6100"}
{"count": 28, "count_fp": "28.00", "created_time": "2026-02-28T12:23:08.266966Z", "no_price": 41, "no_price_dollars": "0.4100", "price": 0.59, "taker_side": "no", "ticker": "KXINXPOS-26DEC31H1900-T6845.5", "trade_id": "224e806d-b6a2-4c31-49cc-e8a7ea59e7a7", "yes_price": 59, "yes_price_dollars": "0.5900"}
{"count": 161, "count_fp": "161.00", "created_time": "2026-02-28T07:34:56.058301Z", "no_price": 39, "no_price_dollars": "0.3900", "price": 0.61, "taker_side": "yes", "ticker": "KXINXPOS-26DEC31H1900-T6845.5", "trade_id": "7a737db8-18f5-76aa-b661-a71fef460c90", "yes_price": 61, "yes_price_dollars": "0.6100"}
{"count": 15, "count_fp": "15.00", "created_time": "2026-02-28T02:59:25.923533Z", "no_price": 39, "no_price_dollars": "0.3900", "price": 0.61, "taker_side": "yes", "ticker": "KXINXPOS-26DEC31H1900-T6845.5", "trade_id": "7066d6ab-cef5-69a2-603f-8b914218ff34", "yes_price": 61, "yes_price_dollars": "0.6100"}
{"count": 1, "count_fp": "1.00", "created_time": "2026-02-28T02:59:25.923533Z", "no_price": 40, "no_price_dollars": "0.4000", "price": 0.6, "taker_side": "yes", "ticker": "KXINXPOS-26DEC31H1900-T6845.5", "trade_id": "0ff45293-01b5-6e25-5765-30a5216db617", "yes_price": 60, "yes_price_dollars": "0.6000"}
{"count": 1, "count_fp": "1.00", "created_time": "2026-02-28T02:48:44.193874Z", "no_price": 41, "no_price_dollars": "0.4100", "price": 0.59, "taker_side": "no", "ticker": "KXINXPOS-26DEC31H1900-T6845.5", "trade_id": "d0f7a6d3-2d72-747c-28d0-6c8614ab7b0c", "yes_price": 59, "yes_price_dollars": "0.5900"}
{"count": 22, "count_fp": "22.00", "created_time": "2026-02-28T02:48:44.193874Z", "no_price": 42, "no_price_dollars": "0.4200", "price": 0.58, "taker_side": "no", "ticker": "KXINXPOS-26DEC31H1900-T6845.5", "trade_id": "3db95188-05f6-7779-2052-c4c9292e2b5b", "yes_price": 58, "yes_price_dollars": "0.5800"}
{"count": 2, "count_fp": "2.00", "created_time": "2026-02-28T02:18:53.928442Z", "no_price": 39, "no_price_dollars": "0.3900", "price": 0.61, "taker_side": "yes", "ticker": "KXINXPOS-26DEC31H1900-T6845.5", "trade_id": "ea591293-d632-444c-01c5-0639f4af621b", "yes_price": 61, "yes_price_dollars": "0.6100"}
{"count": 32, "count_fp": "32.00", "created_time": "2026-02-28T02:18:53.928442Z", "no_price": 39, "no_price_dollars": "0.3900", "price": 0.61, "taker_side": "yes", "ticker": "KXINXPOS-26DEC31H1900-T6845.5", "trade_id": "c593e411-0a2e-484c-13f6-dc4dd3750fa7", "yes_price": 61, "yes_price_dollars": "0.6100"}
{"count": 4, "count_fp": "4.00", "created_time": "2026-02-28T02:18:53.928442Z", "no_price": 40, "no_price_dollars": "0.4000", "price": 0.6, "taker_side": "yes", "ticker": "KXINXPOS-26DEC31H1900-T6845.5", "trade_id": "68977cac-c2e9-4cef-1817-b7118defe7c5", "yes_price": 60, "yes_price_dollars": "0.6000"}
{"count": 34, "count_fp": "34.00", "created_time": "2026-02-28T02:18:53.928442Z", "no_price": 38, "no_price_dollars": "0.3800", "price": 0.62, "taker_side": "yes", "ticker": "KXINXPOS-26DEC31H1900-T6845.5", "trade_id": "449bbc0e-c0fa-4edd-1de2-f86512f8f1f8", "yes_price": 62, "yes_price_dollars": "0.6200"}
{"count": 8, "count_fp": "8.00", "created_time": "2026-02-28T02:18:53.928442Z", "no_price": 39, "no_price_dollars": "0.3900", "price": 0.61, "taker_side": "yes", "ticker": "KXINXPOS-26DEC31H1900-T6845.5", "trade_id": "16401ae3-a4dc-41a2-1f7e-47df70b9f7c8", "yes_price": 61, "yes_price_dollars": "0.6100"}
{"count": 10, "count_fp": "10.00", "created_time": "2026-02-28T02:06:13.980468Z", "no_price": 40, "no_price_dollars": "0.4000", "price": 0.6, "taker_side": "yes", "ticker": "KXINXPOS-26DEC31H1900-T6845.5", "trade_id": "538c4c0c-1c68-572e-4356-295e3fa4a7d4", "yes_price": 60, "yes_price_dollars": "0.6000"}
{"count": 2, "count_fp": "2.00", "created_time": "2026-02-28T01:44:46.291881Z", "no_price": 43, "no_price_dollars": "0.4300", "price": 0.57, "taker_side": "no", "ticker": "KXINXPOS-26DEC31H1900-T6845.5", "trade_id": "3ae28b17-3c33-7ce8-a7f4-b88282a436c2", "yes_price": 57, "yes_price_dollars": "0.5700"}
{"count": 8, "count_fp": "8.00", "created_time": "2026-02-28T01:39:39.621206Z", "no_price": 39, "no_price_dollars": "0.3900", "price": 0.61, "taker_side": "yes", "ticker": "KXINXPOS-26DEC31H1900-T6845.5", "trade_id": "65f87b6c-2938-680e-c1d8-94af3e73f4fc", "yes_price": 61, "yes_price_dollars": "0.6100"}
{"count": 5, "count_fp": "5.00", "created_time": "2026-02-28T01:22:54.615678Z", "no_price": 39, "no_price_dollars": "0.3900", "price": 0.61, "taker_side": "yes", "ticker": "KXINXPOS-26DEC31H1900-T6845.5", "trade_id": "64949a52-7f78-443e-bea6-0b9f04185690", "yes_price": 61, "yes_price_dollars": "0.6100"}
{"count": 1, "count_fp": "1.00", "created_time": "2026-02-28T01:04:29.634333Z", "no_price": 39, "no_price_dollars": "0.3900", "price": 0.61, "taker_side": "yes", "ticker": "KXINXPOS-26DEC31H1900-T6845.5", "trade_id": "576a7307-b7f8-562a-beec-0b300c3d7548", "yes_price": 61, "yes_price_dollars": "0.6100"}
{"count": 26, "count_fp": "26.00", "created_time": "2026-02-28T00:57:08.898855Z", "no_price": 43, "no_price_dollars": "0.4300", "price": 0.57, "taker_side": "no", "ticker": "KXINXPOS-26DEC31H1900-T6845.5", "trade_id": "a1aca2da-164f-534c-1fc5-42f9823816ca", "yes_price": 57, "yes_price_dollars": "0.5700"}
{"count": 31, "count_fp": "31.00", "created_time": "2026-02-28T00:57:08.898855Z", "no_price": 42, "no_price_dollars": "0.4200", "price": 0.58, "taker_side": "no", "ticker": "KXINXPOS-26DEC31H1900-T6845.5", "trade_id": "4c99e1da-1a5c-5277-0c99-b6f005315844", "yes_price": 58, "yes_price_dollars": "0.5800"}
{"count": 161, "count_fp": "161.00", "created_time": "2026-02-28T00:21:39.789841Z", "no_price": 39, "no_price_dollars": "0.3900", "price": 0.61, "taker_side": "yes", "ticker": "KXINXPOS-26DEC31H1900-T6845.5", "trade_id": "b33567c9-1a5a-53f4-e900-3a1076e46090", "yes_price": 61, "yes_price_dollars": "0.6100"}
