{"count": 7, "count_fp": "7.00", "created_time": "2026-02-21T08:01:53.565075Z", "no_price": 88, "no_price_dollars": "0.8800", "price": 0.12, "taker_side": "yes", "ticker": "KXINX-26FEB27H1600-T6500", "trade_id": "d11a6bfb-fddf-488d-b9af-0151ee45917a", "yes_price": 12, "yes_price_dollars": "0.1200"}
{"count": 7, "count_fp": "7.00", "created_time": "2026-02-21T08:01:49.861064Z", "no_price": 88, "no_price_dollars": "0.8800", "price": 0.12, "taker_side": "yes", "ticker": "KXINX-26FEB27H1600-T6500", "trade_id": "f9c5ddcb-13e7-487d-a3e1-291d38a2695e", "yes_price": 12, "yes_price_dollars": "0.1200"}
{"count": 7, "count_fp": "7.00", "created_time": "2026-02-21T08:01:32.330292Z", "no_price": 88, "no_price_dollars": "0.8800", "price": 0.12, "taker_side": "yes", "ticker": "KXINX-26FEB27H1600-T6500", "trade_id": "45e82657-7e5b-7ab9-78ec-f49dab0ac6ea", "yes_price": 12, "yes_price_dollars": "0.1200"}
{"count": 1, "count_fp": "1.00", "created_time": "2026-02-21T21:28:02.572622Z", "no_price": 92, "no_price_dollars": "0.9200", "price": 0.08, "taker_side": "yes", "ticker": "KXINX-26FEB27H1600-B7187", "trade_id": "406ca225-1c04-7d90-47fc-7516403433a9", "yes_price": 8, "yes_price_dollars": "0.0800"}
{"count": 5, "count_fp": "5.00", "created_time": "2026-02-21T20:20:10.086268Z", "no_price": 83, "no_price_dollars": "0.8300", "price": 0.17, "taker_side": "yes", "ticker": "KXINX-26FEB27H1600-B6862", "trade_id": "6fe9108a-6f9c-5d2f-eb85-045c77fc46e3", "yes_price": 17, "yes_price_dollars": "0.1700"}
{"count": 8, "count_fp": "8.00", "created_time": "2026-02-21T20:19:30.000373Z", "no_price": 89, "no_price_dollars": "0.8900", "price": 0.11, "taker_side": "yes", "ticker": "KXINX-26FEB27H1600-B6812", "trade_id": "c202f8f3-3bce-6587-e6dd-4cc3a2301a4d", "yes_price": 11, "yes_price_dollars": "0.1100"}
{"count": 88, "count_fp": "88.00", "created_time": "2026-02-21T13:42:14.256222Z", "no_price": 89, "no_price_dollars": "0.8900", "price": 0.11, "taker_side": "yes", "ticker": "KXINX-26FEB27H1600-B6537", "trade_id": "6608fcfb-0438-6f85-69a5-405fbf8e051d", "yes_price": 11, "yes_price_dollars": "0.1100"}
{"count": 88, "count_fp": "88.00", "created_time": "2026-02-21T12:32:27.637527Z", "no_price": 89, "no_price_dollars": "0.8900", "price": 0.11, "taker_side": "yes", "ticker": "KXINX-26FEB27H1600-B6512", "trade_id": "59a0bcae-d7ce-4d73-b43f-7b2835da2c40", "yes_price": 11, "yes_price_dollars": "0.1100"}
{"count": 96, "count_fp": "96.00", "created_time": "2026-02-21T19:51:00.302319Z", "no_price": 98, "no_price_dollars": "0.9800", "price": 0.02, "taker_side": "yes", "ticker": "KXINX-26FEB23H1600-T6500", "trade_id": "bd8cc2e7-da3b-5b0e-a365-63d1c1f82b8f", "yes_price": 2, "yes_price_dollars": "0.0200"}
{"count": 5, "count_fp": "5.00", "created_time": "2026-02-21T08:02:16.33199Z", "no_price": 85, "no_price_dollars": "0.8500", "price": 0.15, "taker_side": "yes", "ticker": "KXINX-26FEB23H1600-T6500", "trade_id": "0060b15d-6a49-4dc6-c062-13986516701e", "yes_price": 15, "yes_price_dollars": "0.1500"}
{"count": 5, "count_fp": "5.00", "created_time": "2026-02-21T08:02:14.179641Z", "no_price": 85, "no_price_dollars": "0.8500", "price": 0.15, "taker_side": "yes", "ticker": "KXINX-26FEB23H1600-T6500", "trade_id": "c598117c-d72d-621a-aefd-4ba6b1c2f2e6", "yes_price": 15, "yes_price_dollars": "0.1500"}
{"count": 5, "count_fp": "5.00", "created_time": "2026-02-21T08:02:10.751751Z", "no_price": 85, "no_price_dollars": "0.8500", "price": 0.15, "taker_side": "yes", "ticker": "KXINX-26FEB23H1600-T6500", "trade_id": "38bb4c21-fdc1-46a6-8460-03f364ee7cc2", "yes_price": 15, "yes_price_dollars": "0.1500"}
{"count": 5, "count_fp": "5.00", "created_time": "2026-02-21T08:01:59.945082Z", "no_price": 85, "no_price_dollars": "0.8500", "price": 0.15, "taker_side": "yes", "ticker": "KXINX-26FEB23H1600-T6500", "trade_id": "ea956d53-3f49-6a46-f0d2-610a9e77139e", "yes_price": 15, "yes_price_dollars": "0.1500"}
{"count": 1, "count_fp": "1.00", "created_time": "2026-02-21T14:10:29.383079Z", "no_price": 70, "no_price_dollars": "0.7000", "price": 0.3, "taker_side": "no", "ticker": "KXINXU-26FEB23H1600-T7574.9999", "trade_id": "dab0b9f8-7c48-7d4e-99be-9b3739e55769", "yes_price": 30, "yes_price_dollars": "0.3000"}
{"count": 1, "count_fp": "1.00", "created_time": "2026-02-21T14:10:56.275776Z", "no_price": 78, "no_price_dollars": "0.7800", "price": 0.22, "taker_side": "no", "ticker": "KXINXU-26FEB23H1600-T7549.9999", "trade_id": "440652de-d601-5c25-054c-2a9c85e2009a", "yes_price": 22, "yes_price_dollars": "0.2200"}
{"count": 1, "count_fp": "1.00", "created_time": "2026-02-21T05:23:33.611278Z", "no_price": 69, "no_price_dollars": "0.6900", "price": 0.31, "taker_side": "no", "ticker": "KXINXU-26FEB23H1600-T7274.9999", "trade_id": "7abbfc09-dbd4-6c19-2a53-d26941eba12a", "yes_price": 31, "yes_price_dollars": "0.3100"}
{"count": 483, "count_fp": "483.00", "created_time": "2026-02-21T20:31:15.842032Z", "no_price": 99, "no_price_dollars": "0.9900", "price": 0.01, "taker_side": "yes", "ticker": "KXINXU-26FEB23H1600-T7224.9999", "trade_id": "b0dae8c8-b6d1-70e3-48a1-b70e1475248c", "yes_price": 1, "yes_price_dollars": "0.0100"}
{"count": 1, "count_fp": "1.00", "created_time": "2026-02-21T05:23:16.348664Z", "no_price": 77, "no_price_dollars": "0.7700", "price": 0.23, "taker_side": "no", "ticker": "KXINXU-26FEB23H1600-T7224.9999", "trade_id": "75a02d9f-6d63-7853-5f2b-8e3e018d995d", "yes_price": 23, "yes_price_dollars": "0.2300"}
{"count": 1, "count_fp": "1.00", "created_time": "2026-02-21T05:21:38.776584Z", "no_price": 69, "no_price_dollars": "0.6900", "price": 0.31, "taker_side": "no", "ticker": "KXINXU-26FEB23H1600-T7224.9999", "trade_id": "c4e0eb13-664a-77e8-96f2-f4ca439bf094", "yes_price": 31, "yes_price_dollars": "0.3100"}
{"count": 1, "count_fp": "1.00", "created_time": "2026-02-21T05:21:24.936092Z", "no_price": 59, "no_price_dollars": "0.5900", "price": 0.41, "taker_side": "no", "ticker": "KXINXU-26FEB23H1600-T7224.9999", "trade_id": "9031e863-e1d0-4381-a174-6ec720415624", "yes_price": 41, "yes_price_dollars": "0.4100"}
{"count": 1, "count_fp": "1.00", "created_time": "2026-02-21T14:09:46.86102Z", "no_price": 59, "no_price_dollars": "0.5900", "price": 0.41, "taker_side": "no", "ticker": "KXINXU-26FEB23H1600-T7199.9999", "trade_id": "3ca09d60-c548-4a28-0bf7-dafd51ce7ff9", "yes_price": 41, "yes_price_dollars": "0.4100"}
{"count": 1, "count_fp": "1.00", "created_time": "2026-02-21T08:43:41.701953Z", "no_price": 79, "no_price_dollars": "0.7900", "price": 0.21, "taker_side": "no", "ticker": "KXINXU-26FEB23H1600-T7149.9999", "trade_id": "322ed5d1-4796-4001-5a60-f44b00a5608e", "yes_price": 21, "yes_price_dollars": "0.2100"}
{"count": 5, "count_fp": "5.00", "created_time": "2026-02-21T08:43:41.572203Z", "no_price": 78, "no_price_dollars": "0.7800", "price": 0.22, "taker_side": "no", "ticker": "KXINXU-26FEB23H1600-T7149.9999", "trade_id": "81548266-da2e-76bd-843f-c0eade8ce55c", "yes_price": 22, "yes_price_dollars": "0.2200"}
{"count": 1, "count_fp": "1.00", "created_time": "2026-02-21T08:24:30.6903Z", "no_price": 69, "no_price_dollars": "0.6900", "price": 0.31, "taker_side": "no", "ticker": "KXINXU-26FEB23H1600-T7149.9999", "trade_id": "e86b549a-ed1f-6c76-7c70-61112087ec16", "yes_price": 31, "yes_price_dollars": "0.3100"}
{"count": 1, "count_fp": "1.00", "created_time": "2026-02-21T08:24:09.371942Z", "no_price": 59, "no_price_dollars": "0.5900", "price": 0.41, "taker_side": "no", "ticker": "KXINXU-26FEB23H1600-T7149.9999", "trade_id": "5ca57509-8163-60bb-bede-371fd1515fb5", "yes_price": 41, "yes_price_dollars": "0.4100"}
{"count": 5, "count_fp": "5.00", "created_time": "2026-02-21T21:34:42.449824Z", "no_price": 98, "no_price_dollars": "0.9800", "price": 0.02, "taker_side": "no", "ticker": "KXINXU-26FEB23H1600-T7074.9999", "trade_id": "1c7a0943-3a37-43fb-918e-6f21a27dcb0d", "yes_price": 2, "yes_price_dollars": "0.0200"}
{"count": 5, "count_fp": "5.00", "created_time": "2026-02-21T03:10:33.512357Z", "no_price": 6, "no_price_dollars": "0.0600", "price": 0.94, "taker_side": "yes", "ticker": "KXINXU-26FEB23H1600-T7074.9999", "trade_id": "c0d6e84a-4130-7fbb-a2f2-8051f0c3b2fa", "yes_price": 94, "yes_price_dollars": "0.9400"}
{"count": 5, "count_fp": "5.00", "created_time": "2026-02-21T03:10:33.703308Z", "no_price": 7, "no_price_dollars": "0.0700", "price": 0.93, "taker_side": "yes", "ticker": "KXINXU-26FEB23H1600-T7049.9999", "trade_id": "b677c0a3-7046-5e18-866c-1b109d9808b1", "yes_price": 93, "yes_price_dollars": "0.9300"}
{"count": 5, "count_fp": "5.00", "created_time": "2026-02-21T03:10:33.934543Z", "no_price": 6, "no_price_dollars": "0.0600", "price": 0.94, "taker_side": "yes", "ticker": "KXINXU-26FEB23H1600-T7024.9999", "trade_id": "b7bd2196-817b-559d-7018-e38d0c9b68fb", "yes_price": 94, "yes_price_dollars": "0.9400"}
{"count": 37, "count_fp": "37.00", "created_time": "2026-02-21T22:45:20.051868Z", "no_price": 83, "no_price_dollars": "0.8300", "price": 0.17, "taker_side": "yes", "ticker": "KXINXU-26FEB23H1600-T6999.9999", "trade_id": "06fbe1a0-df81-4bc3-de32-f83a192fcac1", "yes_price": 17, "yes_price_dollars": "0.1700"}
{"count": 23, "count_fp": "23.00", "created_time": "2026-02-21T22:44:35.02119Z", "no_price": 86, "no_price_dollars": "0.8600", "price": 0.14, "taker_side": "yes", "ticker": "KXINXU-26FEB23H1600-T6999.9999", "trade_id": "f0675666-8548-51ff-b682-4c0280b50b56", "yes_price": 14, "yes_price_dollars": "0.1400"}
{"count": 1, "count_fp": "1.00", "created_time": "2026-02-21T22:44:35.02119Z", "no_price": 86, "no_price_dollars": "0.8600", "price": 0.14, "taker_side": "yes", "ticker": "KXINXU-26FEB23H1600-T6999.9999", "trade_id": "245c7b07-96ea-5323-a1cd-7cea63635782", "yes_price": 14, "yes_price_dollars": "0.1400"}
{"count": 18, "count_fp": "18.00", "created_time": "2026-02-21T20:46:51.093743Z", "no_price": 83, "no_price_dollars": "0.8300", "price": 0.17, "taker_side": "no", "ticker": "KXINXU-26FEB23H1600-T6999.9999", "trade_id": "a4b85259-e17c-7a69-c68e-89905a901b4c", "yes_price": 17, "yes_price_dollars": "0.1700"}
{"count": 95, "count_fp": "95.00", "created_time": "2026-02-21T20:39:26.543452Z", "no_price": 82, "no_price_dollars": "0.8200", "price": 0.18, "taker_side": "yes", "ticker": "KXINXU-26FEB23H1600-T6999.9999", "trade_id": "d3c0335e-4c8f-73ea-8931-399e121d8dc5", "yes_price": 18, "yes_price_dollars": "0.1800"}
{"count": 23, "count_fp": "23.00", "created_time": "2026-02-21T20:39:26.543452Z", "no_price": 89, "no_price_dollars": "0.8900", "price": 0.11, "taker_side": "yes", "ticker": "KXINXU-26FEB23H1600-T6999.9999", "trade_id": "5eb8b6a2-ba7f-7964-b655-c898f44fffc7", "yes_price": 11, "yes_price_dollars": "0.1100"}
{"count": 4, "count_fp": "4.00", "created_time": "2026-02-21T20:39:26.543452Z", "no_price": 81, "no_price_dollars": "0.8100", "price": 0.19, "taker_side": "yes", "ticker": "KXINXU-26FEB23H1600-T6999.9999", "trade_id": "3d76c463-5244-7aaf-8df0-b70f1db15946", "yes_price": 19, "yes_price_dollars": "0.1900"}
{"count": 25, "count_fp": "25.00", "created_time": "2026-02-21T20:39:26.543452Z", "no_price": 85, "no_price_dollars": "0.8500", "price": 0.15, "taker_side": "yes", "ticker": "KXINXU-26FEB23H1600-T6999.9999", "trade_id": "11851dbb-6992-79d1-887c-20e5590b46cd", "yes_price": 15, "yes_price_dollars": "0.1500"}
{"count": 15, "count_fp": "15.00", "created_time": "2026-02-21T20:28:22.718628Z", "no_price": 94, "no_price_dollars": "0.9400", "price": 0.06, "taker_side": "no", "ticker": "KXINXU-26FEB23H1600-T6999.9999", "trade_id": "be7c7540-0200-47f8-f73f-ba2ac1b6c4bd", "yes_price": 6, "yes_price_dollars": "0.0600"}
{"count": 1, "count_fp": "1.00", "created_time": "2026-02-21T14:10:56.275158Z", "no_price": 81, "no_price_dollars": "0.8100", "price": 0.19, "taker_side": "yes", "ticker": "KXINXU-26FEB23H1600-T6999.9999", "trade_id": "346a307f-4e94-7eaf-9c48-1cfcbd8c2332", "yes_price": 19, "yes_price_dollars": "0.1900"}
{"count": 1, "count_fp": "1.00", "created_time": "2026-02-21T14:10:29.382286Z", "no_price": 81, "no_price_dollars": "0.8100", "price": 0.19, "taker_side": "yes", "ticker": "KXINXU-26FEB23H1600-T6999.9999", "trade_id": "f201ca61-8d04-4b4b-5fee-7316f2993966", "yes_price": 19, "yes_price_dollars": "0.1900"}
{"count": 1, "count_fp": "1.00", "created_time": "2026-02-21T14:09:46.86026Z", "no_price": 81, "no_price_dollars": "0.8100", "price": 0.19, "taker_side": "yes", "ticker": "KXINXU-26FEB23H1600-T6999.9999", "trade_id": "b74fa61a-51e4-52c3-8c61-a92be28290ca", "yes_price": 19, "yes_price_dollars": "0.1900"}
{"count": 5, "count_fp": "5.00", "created_time": "2026-02-21T08:43:41.572632Z", "no_price": 80, "no_price_dollars": "0.8000", "price": 0.2, "taker_side": "yes", "ticker": "KXINXU-26FEB23H1600-T6999.9999", "trade_id": "cd6eee0d-0f0f-5be8-2529-3a30ba70b07e", "yes_price": 20, "yes_price_dollars": "0.2000"}
{"count": 1, "count_fp": "1.00", "created_time": "2026-02-21T08:24:30.691191Z", "no_price": 80, "no_price_dollars": "0.8000", "price": 0.2, "taker_side": "yes", "ticker": "KXINXU-26FEB23H1600-T6999.9999", "trade_id": "0c6ce9d6-e57f-6dc0-537d-bedcd9bd0c9a", "yes_price": 20, "yes_price_dollars": "0.2000"}
{"count": 1, "count_fp": "1.00", "created_time": "2026-02-21T08:24:09.372856Z", "no_price": 80, "no_price_dollars": "0.8000", "price": 0.2, "taker_side": "yes", "ticker": "KXINXU-26FEB23H1600-T6999.9999", "trade_id": "0c79fa1d-9adb-6bec-7235-ad72db79ee8e", "yes_price": 20, "yes_price_dollars": "0.2000"}
{"count": 1, "count_fp": "1.00", "created_time": "2026-02-21T05:23:33.611695Z", "no_price": 80, "no_price_dollars": "0.8000", "price": 0.2, "taker_side": "yes", "ticker": "KXINXU-26FEB23H1600-T6999.9999", "trade_id": "17e02fb4-6c7b-7fcc-f36f-11c61bcea5c6", "yes_price": 20, "yes_price_dollars": "0.2000"}
{"count": 1, "count_fp": "1.00", "created_time": "2026-02-21T05:23:16.348809Z", "no_price": 80, "no_price_dollars": "0.8000", "price": 0.2, "taker_side": "yes", "ticker": "KXINXU-26FEB23H1600-T6999.9999", "trade_id": "d43707d3-fe87-4b68-03bb-4be62bed971a", "yes_price": 20, "yes_price_dollars": "0.2000"}
{"count": 1, "count_fp": "1.00", "created_time": "2026-02-21T05:21:38.777753Z", "no_price": 80, "no_price_dollars": "0.8000", "price": 0.2, "taker_side": "yes", "ticker": "KXINXU-26FEB23H1600-T6999.9999", "trade_id": "b9cbfb71-a2c7-5f90-4321-2905b2ecbe62", "yes_price": 20, "yes_price_dollars": "0.2000"}
{"count": 1, "count_fp": "1.00", "created_time": "2026-02-21T05:21:24.935867Z", "no_price": 80, "no_price_dollars": "0.8000", "price": 0.2, "taker_side": "yes", "ticker": "KXINXU-26FEB23H1600-T6999.9999", "trade_id": "1b19ae4e-7f6b-522c-59c4-2d247784042a", "yes_price": 20, "yes_price_dollars": "0.2000"}
{"count": 1, "count_fp": "1.00", "created_time": "2026-02-21T00:53:37.655522Z", "no_price": 85, "no_price_dollars": "0.8500", "price": 0.15, "taker_side": "yes", "ticker": "KXINXU-26FEB23H1600-T6999.9999", "trade_id": "35bad63d-45b4-491a-0595-3f138f4bf250", "yes_price": 15, "yes_price_dollars": "0.1500"}
{"count": 1, "count_fp": "1.00", "created_time": "2026-02-21T00:53:37.655522Z", "no_price": 85, "no_price_dollars": "0.8500", "price": 0.15, "taker_side": "yes", "ticker": "KXINXU-26FEB23H1600-T6999.9999", "trade_id": "0bbbe8af-df88-4c31-3a3d-a7e266f678a1", "yes_price": 15, "yes_price_dollars": "0.1500"}
{"count": 5, "count_fp": "5.00", "created_time": "2026-02-21T00:53:29.042009Z", "no_price": 95, "no_price_dollars": "0.9500", "price": 0.05, "taker_side": "yes", "ticker": "KXINXU-26FEB23H1600-T6999.9999", "trade_id": "cf88c1cb-2570-5616-0854-48225e2bf84c", "yes_price": 5, "yes_price_dollars": "0.0500"}
{"count": 98, "count_fp": "98.00", "created_time": "2026-02-21T00:53:14.229906Z", "no_price": 96, "no_price_dollars": "0.9600", "price": 0.04, "taker_side": "yes", "ticker": "KXINXU-26FEB23H1600-T6999.9999", "trade_id": "caf6e18b-79c1-50c9-1db3-95bed120b68a", "yes_price": 4, "yes_price_dollars": "0.0400"}
{"count": 18, "count_fp": "18.00", "created_time": "2026-02-21T00:53:14.229906Z", "no_price": 96, "no_price_dollars": "0.9600", "price": 0.04, "taker_side": "yes", "ticker": "KXINXU-26FEB23H1600-T6999.9999", "trade_id": "2ec7aada-2a0f-57f4-3e09-ba775c0ec436", "yes_price": 4, "yes_price_dollars": "0.0400"}
{"count": 48, "count_fp": "48.00", "created_time": "2026-02-21T00:46:05.14518Z", "no_price": 96, "no_price_dollars": "0.9600", "price": 0.04, "taker_side": "yes", "ticker": "KXINXU-26FEB23H1600-T6999.9999", "trade_id": "e6a3b976-8fa3-7f1c-fa50-3e8c589188f6", "yes_price": 4, "yes_price_dollars": "0.0400"}
{"count": 1, "count_fp": "1.00", "created_time": "2026-02-21T21:33:43.920812Z", "no_price": 85, "no_price_dollars": "0.8500", "price": 0.15, "taker_side": "yes", "ticker": "KXINXU-26FEB23H1600-T6974.9999", "trade_id": "b866c9bb-378b-46f9-e08b-afd06757f197", "yes_price": 15, "yes_price_dollars": "0.1500"}
{"count": 1, "count_fp": "1.00", "created_time": "2026-02-21T21:33:43.920812Z", "no_price": 85, "no_price_dollars": "0.8500", "price": 0.15, "taker_side": "yes", "ticker": "KXINXU-26FEB23H1600-T6974.9999", "trade_id": "b3c8b129-fa66-4653-f4b0-652893e3bf9a", "yes_price": 15, "yes_price_dollars": "0.1500"}
{"count": 59, "count_fp": "59.00", "created_time": "2026-02-21T21:33:33.914021Z", "no_price": 86, "no_price_dollars": "0.8600", "price": 0.14, "taker_side": "yes", "ticker": "KXINXU-26FEB23H1600-T6974.9999", "trade_id": "3ff9f9cf-bb38-72dc-52ed-13cdb67b7b7a", "yes_price": 14, "yes_price_dollars": "0.1400"}
{"count": 18, "count_fp": "18.00", "created_time": "2026-02-21T20:46:51.016449Z", "no_price": 86, "no_price_dollars": "0.8600", "price": 0.14, "taker_side": "yes", "ticker": "KXINXU-26FEB23H1600-T6974.9999", "trade_id": "624f332c-cb78-7cdc-e14b-fb3cb5cfd9d2", "yes_price": 14, "yes_price_dollars": "0.1400"}
{"count": 5, "count_fp": "5.00", "created_time": "2026-02-21T00:54:16.727714Z", "no_price": 85, "no_price_dollars": "0.8500", "price": 0.15, "taker_side": "yes", "ticker": "KXINXU-26FEB23H1600-T6974.9999", "trade_id": "994d8e4b-da79-7ce2-66d0-0e6d9d3ea1c1", "yes_price": 15, "yes_price_dollars": "0.1500"}
{"count": 2, "count_fp": "2.00", "created_time": "2026-02-21T00:22:31.648763Z", "no_price": 90, "no_price_dollars": "0.9000", "price": 0.1, "taker_side": "no", "ticker": "KXINXU-26FEB23H1600-T6974.9999", "trade_id": "f4cf200d-bb3c-7bff-b2bd-7163fbbbca01", "yes_price": 10, "yes_price_dollars": "0.1000"}
{"count": 10, "count_fp": "10.00", "created_time": "2026-02-21T22:40:34.199944Z", "no_price": 87, "no_price_dollars": "0.8700", "price": 0.13, "taker_side": "yes", "ticker": "KXINXU-26FEB23H1600-T6949.9999", "trade_id": "74aa1f01-53b2-664a-a89c-e0dbf46068d0", "yes_price": 13, "yes_price_dollars": "0.1300"}
{"count": 20, "count_fp": "20.00", "created_time": "2026-02-21T22:40:34.199944Z", "no_price": 87, "no_price_dollars": "0.8700", "price": 0.13, "taker_side": "yes", "ticker": "KXINXU-26FEB23H1600-T6949.9999", "trade_id": "2c002fd3-87bf-6f1b-9037-296eed6b5e44", "yes_price": 13, "yes_price_dollars": "0.1300"}
{"count": 5, "count_fp": "5.00", "created_time": "2026-02-21T22:31:53.495634Z", "no_price": 87, "no_price_dollars": "0.8700", "price": 0.13, "taker_side": "yes", "ticker": "KXINXU-26FEB23H1600-T6949.9999", "trade_id": "67b4d93e-597e-5262-f32a-9830126c2bd0", "yes_price": 13, "yes_price_dollars": "0.1300"}
{"count": 3, "count_fp": "3.00", "created_time": "2026-02-21T22:23:08.854367Z", "no_price": 87, "no_price_dollars": "0.8700", "price": 0.13, "taker_side": "no", "ticker": "KXINXU-26FEB23H1600-T6949.9999", "trade_id": "fe57350e-f5e1-54b4-de75-ab7ebc1d6568", "yes_price": 13, "yes_price_dollars": "0.1300"}
{"count": 20, "count_fp": "20.00", "created_time": "2026-02-21T22:23:08.854367Z", "no_price": 87, "no_price_dollars": "0.8700", "price": 0.13, "taker_side": "no", "ticker": "KXINXU-26FEB23H1600-T6949.9999", "trade_id": "7ea2badf-0fff-5b72-cc03-5b2aa7d135b8", "yes_price": 13, "yes_price_dollars": "0.1300"}
{"count": 17, "count_fp": "17.00", "created_time": "2026-02-21T20:53:44.782587Z", "no_price": 81, "no_price_dollars": "0.8100", "price": 0.19, "taker_side": "yes", "ticker": "KXINXU-26FEB23H1600-T6949.9999", "trade_id": "76b735f1-0a67-7b24-a7b8-7b231151076e", "yes_price": 19, "yes_price_dollars": "0.1900"}
{"count": 6, "count_fp": "6.00", "created_time": "2026-02-21T20:53:44.782587Z", "no_price": 81, "no_price_dollars": "0.8100", "price": 0.19, "taker_side": "yes", "ticker": "KXINXU-26FEB23H1600-T6949.9999", "trade_id": "3c9d50cf-0694-79bb-bd97-2ffbb09775f8", "yes_price": 19, "yes_price_dollars": "0.1900"}
{"count": 2, "count_fp": "2.00", "created_time": "2026-02-21T20:53:44.782587Z", "no_price": 82, "no_price_dollars": "0.8200", "price": 0.18, "taker_side": "yes", "ticker": "KXINXU-26FEB23H1600-T6949.9999", "trade_id": "299524b1-3d93-7c9d-a74b-b319d6b132b9", "yes_price": 18, "yes_price_dollars": "0.1800"}
{"count": 10, "count_fp": "10.00", "created_time": "2026-02-21T17:00:58.389232Z", "no_price": 67, "no_price_dollars": "0.6700", "price": 0.33, "taker_side": "no", "ticker": "KXINXU-26FEB23H1600-T6949.9999", "trade_id": "c998e5c6-7d00-575a-e2f3-cc0886c61fe5", "yes_price": 33, "yes_price_dollars": "0.3300"}
{"count": 2, "count_fp": "2.00", "created_time": "2026-02-21T17:00:46.729772Z", "no_price": 66, "no_price_dollars": "0.6600", "price": 0.34, "taker_side": "yes", "ticker": "KXINXU-26FEB23H1600-T6949.9999", "trade_id": "c1307cf6-fc41-46a2-cd98-e2683de0efd8", "yes_price": 34, "yes_price_dollars": "0.3400"}
{"count": 73, "count_fp": "73.00", "created_time": "2026-02-21T17:00:38.071557Z", "no_price": 67, "no_price_dollars": "0.6700", "price": 0.33, "taker_side": "no", "ticker": "KXINXU-26FEB23H1600-T6949.9999", "trade_id": "a1f06839-741d-6159-8664-82c811a344ee", "yes_price": 33, "yes_price_dollars": "0.3300"}
{"count": 20, "count_fp": "20.00", "created_time": "2026-02-21T17:00:38.071557Z", "no_price": 67, "no_price_dollars": "0.6700", "price": 0.33, "taker_side": "no", "ticker": "KXINXU-26FEB23H1600-T6949.9999", "trade_id": "7214c2d6-8477-6225-b3c1-daabe15ad694", "yes_price": 33, "yes_price_dollars": "0.3300"}
{"count": 7, "count_fp": "7.00", "created_time": "2026-02-21T17:00:38.071557Z", "no_price": 67, "no_price_dollars": "0.6700", "price": 0.33, "taker_side": "no", "ticker": "KXINXU-26FEB23H1600-T6949.9999", "trade_id": "6514761e-7c04-6d86-805a-e559a7027769", "yes_price": 33, "yes_price_dollars": "0.3300"}
{"count": 10, "count_fp": "10.00", "created_time": "2026-02-21T16:59:54.789902Z", "no_price": 66, "no_price_dollars": "0.6600", "price": 0.34, "taker_side": "no", "ticker": "KXINXU-26FEB23H1600-T6949.9999", "trade_id": "c35f3459-b2fb-75ed-addd-02c73e1d8ab9", "yes_price": 34, "yes_price_dollars": "0.3400"}
{"count": 2, "count_fp": "2.00", "created_time": "2026-02-21T16:08:07.723008Z", "no_price": 63, "no_price_dollars": "0.6300", "price": 0.37, "taker_side": "no", "ticker": "KXINXU-26FEB23H1600-T6949.9999", "trade_id": "721d3c9b-52ff-67d6-21cc-3dcd191ba4a3", "yes_price": 37, "yes_price_dollars": "0.3700"}
{"count": 1, "count_fp": "1.00", "created_time": "2026-02-21T14:34:06.229152Z", "no_price": 66, "no_price_dollars": "0.6600", "price": 0.34, "taker_side": "no", "ticker": "KXINXU-26FEB23H1600-T6949.9999", "trade_id": "d8092e89-0f3a-47b0-c18e-5b42250c9573", "yes_price": 34, "yes_price_dollars": "0.3400"}
{"count": 2, "count_fp": "2.00", "created_time": "2026-02-21T13:30:17.687813Z", "no_price": 54, "no_price_dollars": "0.5400", "price": 0.46, "taker_side": "yes", "ticker": "KXINXU-26FEB23H1600-T6949.9999", "trade_id": "349a3312-749e-7f15-d1c5-f552cc7a05f5", "yes_price": 46, "yes_price_dollars": "0.4600"}
{"count": 1, "count_fp": "1.00", "created_time": "2026-02-21T13:30:17.687813Z", "no_price": 53, "no_price_dollars": "0.5300", "price": 0.47, "taker_side": "yes", "ticker": "KXINXU-26FEB23H1600-T6949.9999", "trade_id": "00f196e6-7c22-7be8-ef43-9c3cffdef1e6", "yes_price": 47, "yes_price_dollars": "0.4700"}
{"count": 4, "count_fp": "4.00", "created_time": "2026-02-21T13:14:05.566252Z", "no_price": 54, "no_price_dollars": "0.5400", "price": 0.46, "taker_side": "yes", "ticker": "KXINXU-26FEB23H1600-T6949.9999", "trade_id": "fb7c59d4-2033-7293-07c4-61f361c0f179", "yes_price": 46, "yes_price_dollars": "0.4600"}
{"count": 2, "count_fp": "2.00", "created_time": "2026-02-21T13:14:05.566252Z", "no_price": 53, "no_price_dollars": "0.5300", "price": 0.47, "taker_side": "yes", "ticker": "KXINXU-26FEB23H1600-T6949.9999", "trade_id": "8ccffd85-b5e2-70f0-1285-37028a47c1fe", "yes_price": 47, "yes_price_dollars": "0.4700"}
{"count": 4, "count_fp": "4.00", "created_time": "2026-02-21T08:27:25.746882Z", "no_price": 54, "no_price_dollars": "0.5400", "price": 0.46, "taker_side": "yes", "ticker": "KXINXU-26FEB23H1600-T6949.9999", "trade_id": "85639586-b769-62ef-2372-d64c25cb945e", "yes_price": 46, "yes_price_dollars": "0.4600"}
{"count": 1, "count_fp": "1.00", "created_time": "2026-02-21T07:38:07.096263Z", "no_price": 55, "no_price_dollars": "0.5500", "price": 0.45, "taker_side": "yes", "ticker": "KXINXU-26FEB23H1600-T6949.9999", "trade_id": "4e16f746-e857-452d-17e2-0fa4d3ac9387", "yes_price": 45, "yes_price_dollars": "0.4500"}
{"count": 4, "count_fp": "4.00", "created_time": "2026-02-21T07:32:02.0045Z", "no_price": 62, "no_price_dollars": "0.6200", "price": 0.38, "taker_side": "no", "ticker": "KXINXU-26FEB23H1600-T6949.9999", "trade_id": "f07ddf05-53c6-47ca-2713-14540a16c7c2", "yes_price": 38, "yes_price_dollars": "0.3800"}
{"count": 10, "count_fp": "10.00", "created_time": "2026-02-21T07:32:02.0045Z", "no_price": 63, "no_price_dollars": "0.6300", "price": 0.37, "taker_side": "no", "ticker": "KXINXU-26FEB23H1600-T6949.9999", "trade_id": "ee7b20e0-529d-4f0f-3943-541a605c0167", "yes_price": 37, "yes_price_dollars": "0.3700"}
{"count": 13, "count_fp": "13.00", "created_time": "2026-02-21T07:32:02.0045Z", "no_price": 63, "no_price_dollars": "0.6300", "price": 0.37, "taker_side": "no", "ticker": "KXINXU-26FEB23H1600-T6949.9999", "trade_id": "dde0eb4b-0b05-457d-1910-8ec73adb76ac", "yes_price": 37, "yes_price_dollars": "0.3700"}
{"count": 27, "count_fp": "27.00", "created_time": "2026-02-21T07:32:02.0045Z", "no_price": 67, "no_price_dollars": "0.6700", "price": 0.33, "taker_side": "no", "ticker": "KXINXU-26FEB23H1600-T6949.9999", "trade_id": "bbb0b971-2b05-4ced-1f6d-af18db7ba2da", "yes_price": 33, "yes_price_dollars": "0.3300"}
{"count": 15, "count_fp": "15.00", "created_time": "2026-02-21T07:32:02.0045Z", "no_price": 64, "no_price_dollars": "0.6400", "price": 0.36, "taker_side": "no", "ticker": "KXINXU-26FEB23H1600-T6949.9999", "trade_id": "62ff5445-41d9-4f94-3124-891aef29e195", "yes_price": 36, "yes_price_dollars": "0.3600"}
{"count": 74, "count_fp": "74.00", "created_time": "2026-02-21T07:32:02.0045Z", "no_price": 64, "no_price_dollars": "0.6400", "price": 0.36, "taker_side": "no", "ticker": "KXINXU-26FEB23H1600-T6949.9999", "trade_id": "5e71ac4b-e300-493d-38cb-a29ad57a4def", "yes_price": 36, "yes_price_dollars": "0.3600"}
{"count": 10, "count_fp": "10.00", "created_time": "2026-02-21T07:32:02.0045Z", "no_price": 64, "no_price_dollars": "0.6400", "price": 0.36, "taker_side": "no", "ticker": "KXINXU-26FEB23H1600-T6949.9999", "trade_id": "4633b303-f036-4c93-1339-0eb522717578", "yes_price": 36, "yes_price_dollars": "0.3600"}
{"count": 10, "count_fp": "10.00", "created_time": "2026-02-21T04:29:38.327114Z", "no_price": 54, "no_price_dollars": "0.5400", "price": 0.46, "taker_side": "yes", "ticker": "KXINXU-26FEB23H1600-T6949.9999", "trade_id": "bf74b578-bb70-6757-0f84-dc0bee3acf2c", "yes_price": 46, "yes_price_dollars": "0.4600"}
{"count": 106, "count_fp": "106.00", "created_time": "2026-02-21T04:29:38.327114Z", "no_price": 53, "no_price_dollars": "0.5300", "price": 0.47, "taker_side": "yes", "ticker": "KXINXU-26FEB23H1600-T6949.9999", "trade_id": "722febf0-76ca-6e94-1d82-2faa81a52e0e", "yes_price": 47, "yes_price_dollars": "0.4700"}
{"count": 11, "count_fp": "11.00", "created_time": "2026-02-21T04:11:41.098681Z", "no_price": 56, "no_price_dollars": "0.5600", "price": 0.44, "taker_side": "yes", "ticker": "KXINXU-26FEB23H1600-T6949.9999", "trade_id": "303b3561-4b79-7a1e-f58d-5a6edea35937", "yes_price": 44, "yes_price_dollars": "0.4400"}
{"count": 1, "count_fp": "1.00", "created_time": "2026-02-21T03:36:24.776709Z", "no_price": 56, "no_price_dollars": "0.5600", "price": 0.44, "taker_side": "yes", "ticker": "KXINXU-26FEB23H1600-T6949.9999", "trade_id": "e73881bd-0260-50e0-89f9-8233b8960976", "yes_price": 44, "yes_price_dollars": "0.4400"}
{"count": 7, "count_fp": "7.00", "created_time": "2026-02-21T03:10:35.394846Z", "no_price": 58, "no_price_dollars": "0.5800", "price": 0.42, "taker_side": "yes", "ticker": "KXINXU-26FEB23H1600-T6949.9999", "trade_id": "f0ab92d4-e062-7f7b-719f-f24826167fc2", "yes_price": 42, "yes_price_dollars": "0.4200"}
{"count": 6, "count_fp": "6.00", "created_time": "2026-02-21T03:10:35.394846Z", "no_price": 57, "no_price_dollars": "0.5700", "price": 0.43, "taker_side": "yes", "ticker": "KXINXU-26FEB23H1600-T6949.9999", "trade_id": "acdbd73f-14b7-75b5-6fad-161871c81248", "yes_price": 43, "yes_price_dollars": "0.4300"}
{"count": 10, "count_fp": "10.00", "created_time": "2026-02-21T03:10:35.394846Z", "no_price": 57, "no_price_dollars": "0.5700", "price": 0.43, "taker_side": "yes", "ticker": "KXINXU-26FEB23H1600-T6949.9999", "trade_id": "4c88162a-7bda-74ff-590c-7f2bf17bad67", "yes_price": 43, "yes_price_dollars": "0.4300"}
{"count": 2, "count_fp": "2.00", "created_time": "2026-02-21T03:10:35.394846Z", "no_price": 58, "no_price_dollars": "0.5800", "price": 0.42, "taker_side": "yes", "ticker": "KXINXU-26FEB23H1600-T6949.9999", "trade_id": "17dab0b7-41d6-7289-7773-2a2ebfe0929a", "yes_price": 42, "yes_price_dollars": "0.4200"}
{"count": 7, "count_fp": "7.00", "created_time": "2026-02-21T03:10:34.714371Z", "no_price": 69, "no_price_dollars": "0.6900", "price": 0.31, "taker_side": "no", "ticker": "KXINXU-26FEB23H1600-T6949.9999", "trade_id": "84964bbc-e787-60f2-0dc0-9dc8d9ba3cfd", "yes_price": 31, "yes_price_dollars": "0.3100"}
{"count": 10, "count_fp": "10.00", "created_time": "2026-02-21T02:22:20.116138Z", "no_price": 58, "no_price_dollars": "0.5800", "price": 0.42, "taker_side": "yes", "ticker": "KXINXU-26FEB23H1600-T6949.9999", "trade_id": "b908d23c-35fc-7cb7-8780-636c1665edf2", "yes_price": 42, "yes_price_dollars": "0.4200"}
{"count": 1, "count_fp": "1.00", "created_time": "2026-02-21T02:22:20.116138Z", "no_price": 59, "no_price_dollars": "0.5900", "price": 0.41, "taker_side": "yes", "ticker": "KXINXU-26FEB23H1600-T6949.9999", "trade_id": "8ad2542a-0e06-7918-863c-abfb3299f8b8", "yes_price": 41, "yes_price_dollars": "0.4100"}
{"count": 3, "count_fp": "3.00", "created_time": "2026-02-21T02:22:20.116138Z", "no_price": 59, "no_price_dollars": "0.5900", "price": 0.41, "taker_side": "yes", "ticker": "KXINXU-26FEB23H1600-T6949.9999", "trade_id": "733caa7b-a69b-77ab-80dd-348429324e02", "yes_price": 41, "yes_price_dollars": "0.4100"}
{"count": 38, "count_fp": "38.00", "created_time": "2026-02-21T02:22:20.116138Z", "no_price": 52, "no_price_dollars": "0.5200", "price": 0.48, "taker_side": "yes", "ticker": "KXINXU-26FEB23H1600-T6949.9999", "trade_id": "630e6385-097f-779a-828c-7214b8b11c80", "yes_price": 48, "yes_price_dollars": "0.4800"}
{"count": 5, "count_fp": "5.00", "created_time": "2026-02-21T01:24:24.181982Z", "no_price": 59, "no_price_dollars": "0.5900", "price": 0.41, "taker_side": "no", "ticker": "KXINXU-26FEB23H1600-T6949.9999", "trade_id": "c0ff2f75-aab6-6f78-3066-6101d81205c0", "yes_price": 41, "yes_price_dollars": "0.4100"}
{"count": 40, "count_fp": "40.00", "created_time": "2026-02-21T00:45:45.63919Z", "no_price": 52, "no_price_dollars": "0.5200", "price": 0.48, "taker_side": "yes", "ticker": "KXINXU-26FEB23H1600-T6949.9999", "trade_id": "4980b443-40df-4a2e-366b-42cd8d18c9d4", "yes_price": 48, "yes_price_dollars": "0.4800"}
{"count": 2, "count_fp": "2.00", "created_time": "2026-02-21T00:45:44.790088Z", "no_price": 53, "no_price_dollars": "0.5300", "price": 0.47, "taker_side": "yes", "ticker": "KXINXU-26FEB23H1600-T6949.9999", "trade_id": "fd791ff2-9127-52a1-9874-73a97d42ffdb", "yes_price": 47, "yes_price_dollars": "0.4700"}
{"count": 7, "count_fp": "7.00", "created_time": "2026-02-21T00:45:44.790088Z", "no_price": 52, "no_price_dollars": "0.5200", "price": 0.48, "taker_side": "yes", "ticker": "KXINXU-26FEB23H1600-T6949.9999", "trade_id": "6afdba73-7f4b-584a-8d30-1e9055af53c0", "yes_price": 48, "yes_price_dollars": "0.4800"}
{"count": 1, "count_fp": "1.00", "created_time": "2026-02-21T00:45:44.790088Z", "no_price": 53, "no_price_dollars": "0.5300", "price": 0.47, "taker_side": "yes", "ticker": "KXINXU-26FEB23H1600-T6949.9999", "trade_id": "2fa33b72-567f-54b7-8c3a-eb47f9acea88", "yes_price": 47, "yes_price_dollars": "0.4700"}
{"count": 3, "count_fp": "3.00", "created_time": "2026-02-21T00:28:14.212255Z", "no_price": 53, "no_price_dollars": "0.5300", "price": 0.47, "taker_side": "yes", "ticker": "KXINXU-26FEB23H1600-T6949.9999", "trade_id": "7552974c-4828-48ac-bcb5-18b04d0d0252", "yes_price": 47, "yes_price_dollars": "0.4700"}
{"count": 48, "count_fp": "48.00", "created_time": "2026-02-21T00:28:14.212255Z", "no_price": 52, "no_price_dollars": "0.5200", "price": 0.48, "taker_side": "yes", "ticker": "KXINXU-26FEB23H1600-T6949.9999", "trade_id": "56775556-78a7-443e-b8cf-b1293e6a14f8", "yes_price": 48, "yes_price_dollars": "0.4800"}
{"count": 9, "count_fp": "9.00", "created_time": "2026-02-21T00:24:05.936315Z", "no_price": 59, "no_price_dollars": "0.5900", "price": 0.41, "taker_side": "no", "ticker": "KXINXU-26FEB23H1600-T6949.9999", "trade_id": "d06c85ba-0699-767c-a6d7-efbe1d518727", "yes_price": 41, "yes_price_dollars": "0.4100"}
{"count": 30, "count_fp": "30.00", "created_time": "2026-02-21T00:10:00.904096Z", "no_price": 52, "no_price_dollars": "0.5200", "price": 0.48, "taker_side": "yes", "ticker": "KXINXU-26FEB23H1600-T6949.9999", "trade_id": "cd694e84-97a5-68c7-4ec4-01ad183c2e5c", "yes_price": 48, "yes_price_dollars": "0.4800"}
{"count": 1, "count_fp": "1.00", "created_time": "2026-02-21T06:02:46.644288Z", "no_price": 20, "no_price_dollars": "0.2000", "price": 0.8, "taker_side": "yes", "ticker": "KXINXU-26FEB23H1600-T6924.9999", "trade_id": "9985dc44-8ded-7847-ac96-8922ccf4bfa0", "yes_price": 80, "yes_price_dollars": "0.8000"}
{"count": 6, "count_fp": "6.00", "created_time": "2026-02-21T03:10:35.013741Z", "no_price": 18, "no_price_dollars": "0.1800", "price": 0.82, "taker_side": "yes", "ticker": "KXINXU-26FEB23H1600-T6924.9999", "trade_id": "462ce022-3540-5aa2-0c1e-e11436d7e768", "yes_price": 82, "yes_price_dollars": "0.8200"}
{"count": 7, "count_fp": "7.00", "created_time": "2026-02-21T23:03:46.940012Z", "no_price": 35, "no_price_dollars": "0.3500", "price": 0.65, "taker_side": "yes", "ticker": "KXINXU-26FEB23H1600-T6899.9999", "trade_id": "029b1545-9f55-76f8-b964-3091c922009b", "yes_price": 65, "yes_price_dollars": "0.6500"}
{"count": 10, "count_fp": "10.00", "created_time": "2026-02-21T22:04:56.92225Z", "no_price": 32, "no_price_dollars": "0.3200", "price": 0.68, "taker_side": "yes", "ticker": "KXINXU-26FEB23H1600-T6899.9999", "trade_id": "13a15d66-8915-58d5-c26f-2c3fedb5ab13", "yes_price": 68, "yes_price_dollars": "0.6800"}
{"count": 14, "count_fp": "14.00", "created_time": "2026-02-21T21:30:33.533846Z", "no_price": 30, "no_price_dollars": "0.3000", "price": 0.7, "taker_side": "yes", "ticker": "KXINXU-26FEB23H1600-T6899.9999", "trade_id": "247bcabd-4c9f-5d15-f6bb-715b565138c1", "yes_price": 70, "yes_price_dollars": "0.7000"}
{"count": 13, "count_fp": "13.00", "created_time": "2026-02-21T20:01:50.18615Z", "no_price": 79, "no_price_dollars": "0.7900", "price": 0.21, "taker_side": "no", "ticker": "KXINXU-26FEB23H1600-T6899.9999", "trade_id": "571aa77c-4f49-6372-f9d5-335d3b06fb46", "yes_price": 21, "yes_price_dollars": "0.2100"}
{"count": 48, "count_fp": "48.00", "created_time": "2026-02-21T20:01:50.18615Z", "no_price": 82, "no_price_dollars": "0.8200", "price": 0.18, "taker_side": "no", "ticker": "KXINXU-26FEB23H1600-T6899.9999", "trade_id": "280d22eb-704e-6807-c967-12b9cc3219a9", "yes_price": 18, "yes_price_dollars": "0.1800"}
{"count": 11, "count_fp": "11.00", "created_time": "2026-02-21T17:49:02.049949Z", "no_price": 79, "no_price_dollars": "0.7900", "price": 0.21, "taker_side": "no", "ticker": "KXINXU-26FEB23H1600-T6899.9999", "trade_id": "89e50fb8-251d-5efe-4755-947667a1be7e", "yes_price": 21, "yes_price_dollars": "0.2100"}
{"count": 5, "count_fp": "5.00", "created_time": "2026-02-21T17:44:03.088305Z", "no_price": 14, "no_price_dollars": "0.1400", "price": 0.86, "taker_side": "yes", "ticker": "KXINXU-26FEB23H1600-T6899.9999", "trade_id": "bc852e14-1f37-42b5-18ac-cb747b381031", "yes_price": 86, "yes_price_dollars": "0.8600"}
{"count": 7, "count_fp": "7.00", "created_time": "2026-02-21T17:44:03.088305Z", "no_price": 12, "no_price_dollars": "0.1200", "price": 0.88, "taker_side": "yes", "ticker": "KXINXU-26FEB23H1600-T6899.9999", "trade_id": "6b02e610-6081-4c41-0d6e-474df23a789a", "yes_price": 88, "yes_price_dollars": "0.8800"}
{"count": 12, "count_fp": "12.00", "created_time": "2026-02-21T17:38:35.517105Z", "no_price": 79, "no_price_dollars": "0.7900", "price": 0.21, "taker_side": "no", "ticker": "KXINXU-26FEB23H1600-T6899.9999", "trade_id": "06938db8-2a8d-7412-9018-18245ae5aef2", "yes_price": 21, "yes_price_dollars": "0.2100"}
{"count": 5, "count_fp": "5.00", "created_time": "2026-02-21T03:10:35.36587Z", "no_price": 8, "no_price_dollars": "0.0800", "price": 0.92, "taker_side": "yes", "ticker": "KXINXU-26FEB23H1600-T6899.9999", "trade_id": "da58131c-95b4-4d55-0d8e-f90283e6a0e7", "yes_price": 92, "yes_price_dollars": "0.9200"}
{"count": 1, "count_fp": "1.00", "created_time": "2026-02-21T01:55:47.278192Z", "no_price": 93, "no_price_dollars": "0.9300", "price": 0.07, "taker_side": "no", "ticker": "KXINXU-26FEB23H1600-T6899.9999", "trade_id": "eccd7f50-0c06-6163-d022-8db2b0a16ee6", "yes_price": 7, "yes_price_dollars": "0.0700"}
{"count": 12, "count_fp": "12.00", "created_time": "2026-02-21T23:33:29.414992Z", "no_price": 76, "no_price_dollars": "0.7600", "price": 0.24, "taker_side": "no", "ticker": "KXINXU-26FEB23H1600-T6874.9999", "trade_id": "c4fa07b2-c0cb-65e0-5f1c-1b872dd4640e", "yes_price": 24, "yes_price_dollars": "0.2400"}
{"count": 25, "count_fp": "25.00", "created_time": "2026-02-21T22:48:53.880594Z", "no_price": 75, "no_price_dollars": "0.7500", "price": 0.25, "taker_side": "yes", "ticker": "KXINXU-26FEB23H1600-T6874.9999", "trade_id": "94ea5afa-52e1-44cc-c973-e99cfd7090f5", "yes_price": 25, "yes_price_dollars": "0.2500"}
{"count": 25, "count_fp": "25.00", "created_time": "2026-02-21T22:48:53.846102Z", "no_price": 75, "no_price_dollars": "0.7500", "price": 0.25, "taker_side": "no", "ticker": "KXINXU-26FEB23H1600-T6874.9999", "trade_id": "cd661285-1b2b-55da-c738-b240f15d670e", "yes_price": 25, "yes_price_dollars": "0.2500"}
{"count": 11, "count_fp": "11.00", "created_time": "2026-02-21T22:43:53.683821Z", "no_price": 12, "no_price_dollars": "0.1200", "price": 0.88, "taker_side": "yes", "ticker": "KXINXU-26FEB23H1600-T6874.9999", "trade_id": "fd096cf3-364f-715a-e9a0-b308790bd2ef", "yes_price": 88, "yes_price_dollars": "0.8800"}
{"count": 9, "count_fp": "9.00", "created_time": "2026-02-21T22:43:53.683821Z", "no_price": 12, "no_price_dollars": "0.1200", "price": 0.88, "taker_side": "yes", "ticker": "KXINXU-26FEB23H1600-T6874.9999", "trade_id": "205cbab7-c248-70a1-ef1d-f89d34e299bb", "yes_price": 88, "yes_price_dollars": "0.8800"}
{"count": 195, "count_fp": "195.00", "created_time": "2026-02-21T22:23:36.569318Z", "no_price": 76, "no_price_dollars": "0.7600", "price": 0.24, "taker_side": "yes", "ticker": "KXINXU-26FEB23H1600-T6874.9999", "trade_id": "36a74ac7-d697-5f67-6306-c88d840639e8", "yes_price": 24, "yes_price_dollars": "0.2400"}
{"count": 5, "count_fp": "5.00", "created_time": "2026-02-21T22:23:36.538929Z", "no_price": 76, "no_price_dollars": "0.7600", "price": 0.24, "taker_side": "no", "ticker": "KXINXU-26FEB23H1600-T6874.9999", "trade_id": "2d4509ae-a302-4084-53c3-9d4ee1d8e00b", "yes_price": 24, "yes_price_dollars": "0.2400"}
{"count": 1, "count_fp": "1.00", "created_time": "2026-02-21T21:37:55.961584Z", "no_price": 11, "no_price_dollars": "0.1100", "price": 0.89, "taker_side": "yes", "ticker": "KXINXU-26FEB23H1600-T6874.9999", "trade_id": "b897dc82-b7bc-4776-a822-fa6d3a966897", "yes_price": 89, "yes_price_dollars": "0.8900"}
{"count": 2, "count_fp": "2.00", "created_time": "2026-02-21T03:49:12.623283Z", "no_price": 31, "no_price_dollars": "0.3100", "price": 0.69, "taker_side": "no", "ticker": "KXINXU-26FEB23H1600-T6874.9999", "trade_id": "11c5e38f-b858-4abd-8439-4043cf9dc579", "yes_price": 69, "yes_price_dollars": "0.6900"}
{"count": 5, "count_fp": "5.00", "created_time": "2026-02-21T03:10:35.489326Z", "no_price": 31, "no_price_dollars": "0.3100", "price": 0.69, "taker_side": "yes", "ticker": "KXINXU-26FEB23H1600-T6874.9999", "trade_id": "837e582a-16ea-76fb-09f8-9eea94bfbda4", "yes_price": 69, "yes_price_dollars": "0.6900"}
{"count": 1, "count_fp": "1.00", "created_time": "2026-02-21T02:08:20.448295Z", "no_price": 50, "no_price_dollars": "0.5000", "price": 0.5, "taker_side": "yes", "ticker": "KXINXU-26FEB23H1600-T6874.9999", "trade_id": "4a8f6391-6ef6-49d8-e516-8b947b62b3f1", "yes_price": 50, "yes_price_dollars": "0.5000"}
{"count": 1, "count_fp": "1.00", "created_time": "2026-02-21T02:07:48.104623Z", "no_price": 70, "no_price_dollars": "0.7000", "price": 0.3, "taker_side": "yes", "ticker": "KXINXU-26FEB23H1600-T6874.9999", "trade_id": "73f7f743-7f2b-6d1d-ce68-ede729c8fa41", "yes_price": 30, "yes_price_dollars": "0.3000"}
{"count": 1, "count_fp": "1.00", "created_time": "2026-02-21T00:43:58.610336Z", "no_price": 15, "no_price_dollars": "0.1500", "price": 0.85, "taker_side": "no", "ticker": "KXINXU-26FEB23H1600-T6874.9999", "trade_id": "ef626f1b-82ea-4d92-8603-b84e51c4363e", "yes_price": 85, "yes_price_dollars": "0.8500"}
{"count": 1, "count_fp": "1.00", "created_time": "2026-02-21T00:43:58.610336Z", "no_price": 15, "no_price_dollars": "0.1500", "price": 0.85, "taker_side": "no", "ticker": "KXINXU-26FEB23H1600-T6874.9999", "trade_id": "d7b3bf77-55e1-442b-be62-a3231d5b74ce", "yes_price": 85, "yes_price_dollars": "0.8500"}
{"count": 5, "count_fp": "5.00", "created_time": "2026-02-21T22:22:58.983013Z", "no_price": 78, "no_price_dollars": "0.7800", "price": 0.22, "taker_side": "yes", "ticker": "KXINXU-26FEB23H1600-T6849.9999", "trade_id": "96d43e4d-b960-7e98-102f-1475f9136ead", "yes_price": 22, "yes_price_dollars": "0.2200"}
{"count": 25, "count_fp": "25.00", "created_time": "2026-02-21T22:22:58.952356Z", "no_price": 78, "no_price_dollars": "0.7800", "price": 0.22, "taker_side": "no", "ticker": "KXINXU-26FEB23H1600-T6849.9999", "trade_id": "eebda612-8eeb-59cd-e23c-3b2f232a962e", "yes_price": 22, "yes_price_dollars": "0.2200"}
{"count": 20, "count_fp": "20.00", "created_time": "2026-02-21T22:22:58.952356Z", "no_price": 78, "no_price_dollars": "0.7800", "price": 0.22, "taker_side": "no", "ticker": "KXINXU-26FEB23H1600-T6849.9999", "trade_id": "371076b6-3a33-5a48-d2e7-41b98b49cfdb", "yes_price": 22, "yes_price_dollars": "0.2200"}
{"count": 2, "count_fp": "2.00", "created_time": "2026-02-21T21:11:57.895995Z", "no_price": 45, "no_price_dollars": "0.4500", "price": 0.55, "taker_side": "yes", "ticker": "KXINXU-26FEB23H1600-T6849.9999", "trade_id": "3620db70-cf5d-5be0-a9e1-dc895fe82a28", "yes_price": 55, "yes_price_dollars": "0.5500"}
{"count": 29, "count_fp": "29.00", "created_time": "2026-02-21T21:11:57.528437Z", "no_price": 46, "no_price_dollars": "0.4600", "price": 0.54, "taker_side": "yes", "ticker": "KXINXU-26FEB23H1600-T6849.9999", "trade_id": "f6de6a47-a2ff-5c87-4d76-8dc82c88eefb", "yes_price": 54, "yes_price_dollars": "0.5400"}
{"count": 20, "count_fp": "20.00", "created_time": "2026-02-21T21:11:57.528437Z", "no_price": 46, "no_price_dollars": "0.4600", "price": 0.54, "taker_side": "yes", "ticker": "KXINXU-26FEB23H1600-T6849.9999", "trade_id": "e721b902-ccf2-56fa-73ff-302b19a20be9", "yes_price": 54, "yes_price_dollars": "0.5400"}
{"count": 96, "count_fp": "96.00", "created_time": "2026-02-21T21:11:57.528437Z", "no_price": 45, "no_price_dollars": "0.4500", "price": 0.55, "taker_side": "yes", "ticker": "KXINXU-26FEB23H1600-T6849.9999", "trade_id": "babe3a3d-9b39-59b4-4395-22b73acbfb74", "yes_price": 55, "yes_price_dollars": "0.5500"}
{"count": 5, "count_fp": "5.00", "created_time": "2026-02-21T21:10:10.288838Z", "no_price": 46, "no_price_dollars": "0.4600", "price": 0.54, "taker_side": "yes", "ticker": "KXINXU-26FEB23H1600-T6849.9999", "trade_id": "a00198b0-c2bf-4de7-9994-715104666983", "yes_price": 54, "yes_price_dollars": "0.5400"}
{"count": 67, "count_fp": "67.00", "created_time": "2026-02-21T21:07:24.000424Z", "no_price": 46, "no_price_dollars": "0.4600", "price": 0.54, "taker_side": "yes", "ticker": "KXINXU-26FEB23H1600-T6849.9999", "trade_id": "9b5e98ba-b453-473b-9b39-4ba77ee4bcef", "yes_price": 54, "yes_price_dollars": "0.5400"}
{"count": 2, "count_fp": "2.00", "created_time": "2026-02-21T16:59:06.299289Z", "no_price": 45, "no_price_dollars": "0.4500", "price": 0.55, "taker_side": "no", "ticker": "KXINXU-26FEB23H1600-T6849.9999", "trade_id": "7537cb39-fd21-5ad6-0e32-bab4f17ef58f", "yes_price": 55, "yes_price_dollars": "0.5500"}
{"count": 1, "count_fp": "1.00", "created_time": "2026-02-21T00:53:18.256452Z", "no_price": 15, "no_price_dollars": "0.1500", "price": 0.85, "taker_side": "no", "ticker": "KXINXU-26FEB23H1600-T6849.9999", "trade_id": "ca8b35e4-412b-761e-0e96-ecedb3db48e7", "yes_price": 85, "yes_price_dollars": "0.8500"}
{"count": 1, "count_fp": "1.00", "created_time": "2026-02-21T00:53:18.256452Z", "no_price": 15, "no_price_dollars": "0.1500", "price": 0.85, "taker_side": "no", "ticker": "KXINXU-26FEB23H1600-T6849.9999", "trade_id": "30b3b889-32f7-7b31-2a5e-44a5c787da0e", "yes_price": 85, "yes_price_dollars": "0.8500"}
{"count": 1, "count_fp": "1.00", "created_time": "2026-02-21T00:53:18.421206Z", "no_price": 15, "no_price_dollars": "0.1500", "price": 0.85, "taker_side": "no", "ticker": "KXINXU-26FEB23H1600-T6824.9999", "trade_id": "5c0ed9e0-19ef-625d-804e-041e635fec01", "yes_price": 85, "yes_price_dollars": "0.8500"}
{"count": 1, "count_fp": "1.00", "created_time": "2026-02-21T00:53:18.421206Z", "no_price": 15, "no_price_dollars": "0.1500", "price": 0.85, "taker_side": "no", "ticker": "KXINXU-26FEB23H1600-T6824.9999", "trade_id": "38d9e6a6-3de2-6bc6-9237-9a4a99656d3f", "yes_price": 85, "yes_price_dollars": "0.8500"}
{"count": 5, "count_fp": "5.00", "created_time": "2026-02-21T00:54:30.246179Z", "no_price": 14, "no_price_dollars": "0.1400", "price": 0.86, "taker_side": "no", "ticker": "KXINXU-26FEB23H1600-T6799.9999", "trade_id": "27a8a515-75e0-4ded-2cf6-0269d30647e3", "yes_price": 86, "yes_price_dollars": "0.8600"}
{"count": 1, "count_fp": "1.00", "created_time": "2026-02-21T00:53:18.950029Z", "no_price": 15, "no_price_dollars": "0.1500", "price": 0.85, "taker_side": "no", "ticker": "KXINXU-26FEB23H1600-T6799.9999", "trade_id": "ed8a4b36-87f1-4e1e-006a-48b80978211f", "yes_price": 85, "yes_price_dollars": "0.8500"}
{"count": 1, "count_fp": "1.00", "created_time": "2026-02-21T00:53:18.950029Z", "no_price": 15, "no_price_dollars": "0.1500", "price": 0.85, "taker_side": "no", "ticker": "KXINXU-26FEB23H1600-T6799.9999", "trade_id": "2e596cba-1fc2-4bcc-17b0-eb2c550fd770", "yes_price": 85, "yes_price_dollars": "0.8500"}
{"count": 5, "count_fp": "5.00", "created_time": "2026-02-21T00:37:52.952344Z", "no_price": 9, "no_price_dollars": "0.0900", "price": 0.91, "taker_side": "no", "ticker": "KXINXU-26FEB23H1600-T6799.9999", "trade_id": "0eefe9ec-3b07-65f9-a130-c5ed21bc16b6", "yes_price": 91, "yes_price_dollars": "0.9100"}
{"count": 5, "count_fp": "5.00", "created_time": "2026-02-21T05:36:44.837969Z", "no_price": 9, "no_price_dollars": "0.0900", "price": 0.91, "taker_side": "yes", "ticker": "KXINXU-26FEB23H1600-T6774.9999", "trade_id": "a73e0dc8-6cef-48fd-1e27-0af7ae67e9f2", "yes_price": 91, "yes_price_dollars": "0.9100"}
{"count": 55, "count_fp": "55.00", "created_time": "2026-02-21T05:05:09.810622Z", "no_price": 42, "no_price_dollars": "0.4200", "price": 0.58, "taker_side": "yes", "ticker": "KXINXU-26FEB23H1600-T6774.9999", "trade_id": "c5e0d13b-693c-6e57-c962-c653c0f543aa", "yes_price": 58, "yes_price_dollars": "0.5800"}
{"count": 48, "count_fp": "48.00", "created_time": "2026-02-21T00:53:39.017762Z", "no_price": 42, "no_price_dollars": "0.4200", "price": 0.58, "taker_side": "yes", "ticker": "KXINXU-26FEB23H1600-T6774.9999", "trade_id": "4518e11c-ed13-4239-4c85-73d7864d5804", "yes_price": 58, "yes_price_dollars": "0.5800"}
{"count": 2, "count_fp": "2.00", "created_time": "2026-02-21T00:53:19.03844Z", "no_price": 42, "no_price_dollars": "0.4200", "price": 0.58, "taker_side": "yes", "ticker": "KXINXU-26FEB23H1600-T6774.9999", "trade_id": "e3414fb4-787f-52d5-17ae-3d0b5f441cac", "yes_price": 58, "yes_price_dollars": "0.5800"}
{"count": 2, "count_fp": "2.00", "created_time": "2026-02-21T00:53:18.851921Z", "no_price": 42, "no_price_dollars": "0.4200", "price": 0.58, "taker_side": "yes", "ticker": "KXINXU-26FEB23H1600-T6774.9999", "trade_id": "01a617c5-cd1b-6615-2803-30f99e157694", "yes_price": 58, "yes_price_dollars": "0.5800"}
{"count": 2, "count_fp": "2.00", "created_time": "2026-02-21T00:53:18.684323Z", "no_price": 42, "no_price_dollars": "0.4200", "price": 0.58, "taker_side": "yes", "ticker": "KXINXU-26FEB23H1600-T6774.9999", "trade_id": "417d7897-e19b-5265-91c4-88a5da1b0eb4", "yes_price": 58, "yes_price_dollars": "0.5800"}
{"count": 2, "count_fp": "2.00", "created_time": "2026-02-21T00:53:18.508584Z", "no_price": 42, "no_price_dollars": "0.4200", "price": 0.58, "taker_side": "yes", "ticker": "KXINXU-26FEB23H1600-T6774.9999", "trade_id": "b18902b6-4337-72f5-b95f-72577ea3ac54", "yes_price": 58, "yes_price_dollars": "0.5800"}
{"count": 2, "count_fp": "2.00", "created_time": "2026-02-21T00:53:18.340006Z", "no_price": 42, "no_price_dollars": "0.4200", "price": 0.58, "taker_side": "yes", "ticker": "KXINXU-26FEB23H1600-T6774.9999", "trade_id": "a03fb53b-c3f3-5931-8293-1c9556281bec", "yes_price": 58, "yes_price_dollars": "0.5800"}
{"count": 2, "count_fp": "2.00", "created_time": "2026-02-21T00:53:18.175543Z", "no_price": 42, "no_price_dollars": "0.4200", "price": 0.58, "taker_side": "yes", "ticker": "KXINXU-26FEB23H1600-T6774.9999", "trade_id": "4b5d0502-a627-6a21-fe3c-6a46df139198", "yes_price": 58, "yes_price_dollars": "0.5800"}
{"count": 1, "count_fp": "1.00", "created_time": "2026-02-21T00:43:58.417093Z", "no_price": 15, "no_price_dollars": "0.1500", "price": 0.85, "taker_side": "no", "ticker": "KXINXU-26FEB23H1600-T6774.9999", "trade_id": "f76ef8cb-1f17-767b-2dc6-22510e53475d", "yes_price": 85, "yes_price_dollars": "0.8500"}
{"count": 1, "count_fp": "1.00", "created_time": "2026-02-21T00:43:58.417093Z", "no_price": 15, "no_price_dollars": "0.1500", "price": 0.85, "taker_side": "no", "ticker": "KXINXU-26FEB23H1600-T6774.9999", "trade_id": "e4f9e66c-4b4b-74ca-122d-2789aaca9ad7", "yes_price": 85, "yes_price_dollars": "0.8500"}
{"count": 5, "count_fp": "5.00", "created_time": "2026-02-21T00:37:52.777336Z", "no_price": 7, "no_price_dollars": "0.0700", "price": 0.93, "taker_side": "no", "ticker": "KXINXU-26FEB23H1600-T6774.9999", "trade_id": "7de1c24c-02a2-6118-2cc8-94074078816f", "yes_price": 93, "yes_price_dollars": "0.9300"}
{"count": 5, "count_fp": "5.00", "created_time": "2026-02-21T00:10:30.120772Z", "no_price": 2, "no_price_dollars": "0.0200", "price": 0.98, "taker_side": "yes", "ticker": "KXINXU-26FEB23H1600-T6774.9999", "trade_id": "b4556756-72ee-7fde-78bd-8987bf44d851", "yes_price": 98, "yes_price_dollars": "0.9800"}
{"count": 15, "count_fp": "15.00", "created_time": "2026-02-21T00:10:30.120772Z", "no_price": 2, "no_price_dollars": "0.0200", "price": 0.98, "taker_side": "yes", "ticker": "KXINXU-26FEB23H1600-T6774.9999", "trade_id": "26a4c7e0-d056-7df7-75f6-c82a77db850d", "yes_price": 98, "yes_price_dollars": "0.9800"}
{"count": 1, "count_fp": "1.00", "created_time": "2026-02-21T05:19:13.433077Z", "no_price": 35, "no_price_dollars": "0.3500", "price": 0.65, "taker_side": "no", "ticker": "KXINXU-26FEB23H1600-T6724.9999", "trade_id": "50f6458f-7996-7d99-5c00-cbc56722738a", "yes_price": 65, "yes_price_dollars": "0.6500"}
{"count": 1, "count_fp": "1.00", "created_time": "2026-02-21T05:19:06.65021Z", "no_price": 37, "no_price_dollars": "0.3700", "price": 0.63, "taker_side": "yes", "ticker": "KXINXU-26FEB23H1600-T6724.9999", "trade_id": "ca926b3d-ca51-560c-09ab-7359159f7ffe", "yes_price": 63, "yes_price_dollars": "0.6300"}
{"count": 1, "count_fp": "1.00", "created_time": "2026-02-21T05:19:06.65021Z", "no_price": 35, "no_price_dollars": "0.3500", "price": 0.65, "taker_side": "yes", "ticker": "KXINXU-26FEB23H1600-T6724.9999", "trade_id": "4df6b5c9-4e49-5aa4-2267-34160b3aa88d", "yes_price": 65, "yes_price_dollars": "0.6500"}
{"count": 3, "count_fp": "3.00", "created_time": "2026-02-21T00:54:30.327748Z", "no_price": 16, "no_price_dollars": "0.1600", "price": 0.84, "taker_side": "yes", "ticker": "KXINXU-26FEB23H1600-T6724.9999", "trade_id": "3856f68c-49d6-6398-0485-33a065be6f6c", "yes_price": 84, "yes_price_dollars": "0.8400"}
{"count": 5, "count_fp": "5.00", "created_time": "2026-02-21T00:54:30.168284Z", "no_price": 16, "no_price_dollars": "0.1600", "price": 0.84, "taker_side": "yes", "ticker": "KXINXU-26FEB23H1600-T6724.9999", "trade_id": "92a11b22-e6ee-5684-02b5-25d3a2e26d6c", "yes_price": 84, "yes_price_dollars": "0.8400"}
{"count": 3, "count_fp": "3.00", "created_time": "2026-02-21T00:44:59.762682Z", "no_price": 33, "no_price_dollars": "0.3300", "price": 0.67, "taker_side": "yes", "ticker": "KXINXU-26FEB23H1600-T6724.9999", "trade_id": "f77fe92a-50da-6d66-c634-451733a7bee9", "yes_price": 67, "yes_price_dollars": "0.6700"}
{"count": 34, "count_fp": "34.00", "created_time": "2026-02-21T00:43:58.69457Z", "no_price": 84, "no_price_dollars": "0.8400", "price": 0.16, "taker_side": "yes", "ticker": "KXINXU-26FEB23H1600-T6724.9999", "trade_id": "43b1ac9e-04b9-7909-a6e7-22a36e97b733", "yes_price": 16, "yes_price_dollars": "0.1600"}
{"count": 2, "count_fp": "2.00", "created_time": "2026-02-21T00:43:58.526171Z", "no_price": 84, "no_price_dollars": "0.8400", "price": 0.16, "taker_side": "yes", "ticker": "KXINXU-26FEB23H1600-T6724.9999", "trade_id": "46791270-06dd-49bd-e6ac-a6df4bd4f37f", "yes_price": 16, "yes_price_dollars": "0.1600"}
{"count": 2, "count_fp": "2.00", "created_time": "2026-02-21T00:43:58.33384Z", "no_price": 84, "no_price_dollars": "0.8400", "price": 0.16, "taker_side": "yes", "ticker": "KXINXU-26FEB23H1600-T6724.9999", "trade_id": "45b9e508-0efd-5029-3398-5e98a7908657", "yes_price": 16, "yes_price_dollars": "0.1600"}
{"count": 38, "count_fp": "38.00", "created_time": "2026-02-21T00:41:13.954603Z", "no_price": 58, "no_price_dollars": "0.5800", "price": 0.42, "taker_side": "yes", "ticker": "KXINXU-26FEB23H1600-T6724.9999", "trade_id": "e16bbafc-37c9-62be-b50e-15e0ef89094a", "yes_price": 42, "yes_price_dollars": "0.4200"}
{"count": 62, "count_fp": "62.00", "created_time": "2026-02-21T00:38:08.941585Z", "no_price": 16, "no_price_dollars": "0.1600", "price": 0.84, "taker_side": "yes", "ticker": "KXINXU-26FEB23H1600-T6724.9999", "trade_id": "8447708f-dc0c-7a79-0ec6-f089ffc6ddfd", "yes_price": 84, "yes_price_dollars": "0.8400"}
{"count": 5, "count_fp": "5.00", "created_time": "2026-02-21T00:37:53.052226Z", "no_price": 16, "no_price_dollars": "0.1600", "price": 0.84, "taker_side": "yes", "ticker": "KXINXU-26FEB23H1600-T6724.9999", "trade_id": "2001a0e3-2e0c-7439-61f9-97f1043f3a55", "yes_price": 84, "yes_price_dollars": "0.8400"}
{"count": 5, "count_fp": "5.00", "created_time": "2026-02-21T00:37:52.865375Z", "no_price": 16, "no_price_dollars": "0.1600", "price": 0.84, "taker_side": "yes", "ticker": "KXINXU-26FEB23H1600-T6724.9999", "trade_id": "880a7c03-25a8-6685-effa-9de3c0f08dcd", "yes_price": 84, "yes_price_dollars": "0.8400"}
{"count": 5, "count_fp": "5.00", "created_time": "2026-02-21T00:37:52.690695Z", "no_price": 16, "no_price_dollars": "0.1600", "price": 0.84, "taker_side": "yes", "ticker": "KXINXU-26FEB23H1600-T6724.9999", "trade_id": "e13fae36-5998-4461-0da5-663d33612acd", "yes_price": 84, "yes_price_dollars": "0.8400"}
{"count": 5, "count_fp": "5.00", "created_time": "2026-02-21T21:31:05.581703Z", "no_price": 1, "no_price_dollars": "0.0100", "price": 0.99, "taker_side": "yes", "ticker": "KXINXU-26FEB23H1600-T6699.9999", "trade_id": "3b10b6a0-bf71-6f37-0100-66b6f591f5a3", "yes_price": 99, "yes_price_dollars": "0.9900"}
{"count": 10, "count_fp": "10.00", "created_time": "2026-02-21T01:54:27.948789Z", "no_price": 2, "no_price_dollars": "0.0200", "price": 0.98, "taker_side": "yes", "ticker": "KXINXU-26FEB23H1600-T6699.9999", "trade_id": "4a6f264e-17bf-46b0-211d-3f0818669061", "yes_price": 98, "yes_price_dollars": "0.9800"}
{"count": 2, "count_fp": "2.00", "created_time": "2026-02-21T09:13:12.857066Z", "no_price": 1, "no_price_dollars": "0.0100", "price": 0.99, "taker_side": "yes", "ticker": "KXINXU-26FEB23H1600-T6674.9999", "trade_id": "507758f0-ef4c-61cb-3c94-efe2ebda6d63", "yes_price": 99, "yes_price_dollars": "0.9900"}
{"count": 2, "count_fp": "2.00", "created_time": "2026-02-21T00:59:29.117959Z", "no_price": 2, "no_price_dollars": "0.0200", "price": 0.98, "taker_side": "no", "ticker": "KXINXU-26FEB23H1600-T6674.9999", "trade_id": "bd7404fd-c063-7e66-4d15-eb470d2e5cbd", "yes_price": 98, "yes_price_dollars": "0.9800"}
{"count": 5, "count_fp": "5.00", "created_time": "2026-02-21T08:20:58.526336Z", "no_price": 42, "no_price_dollars": "0.4200", "price": 0.58, "taker_side": "yes", "ticker": "KXINXU-26FEB23H1600-T6649.9999", "trade_id": "b2b3e60c-d381-7faa-5273-09f702169d8f", "yes_price": 58, "yes_price_dollars": "0.5800"}
{"count": 107, "count_fp": "107.00", "created_time": "2026-02-21T08:07:23.500171Z", "no_price": 41, "no_price_dollars": "0.4100", "price": 0.59, "taker_side": "yes", "ticker": "KXINXU-26FEB23H1600-T6649.9999", "trade_id": "e75dc524-23de-4039-afb0-b61e0bddd61e", "yes_price": 59, "yes_price_dollars": "0.5900"}
{"count": 1, "count_fp": "1.00", "created_time": "2026-02-21T10:12:24.206689Z", "no_price": 2, "no_price_dollars": "0.0200", "price": 0.98, "taker_side": "no", "ticker": "KXINXU-26FEB23H1600-T6624.9999", "trade_id": "d643f227-3581-4a5c-b91d-bbbea9e18583", "yes_price": 98, "yes_price_dollars": "0.9800"}
{"count": 1, "count_fp": "1.00", "created_time": "2026-02-21T10:12:17.601391Z", "no_price": 2, "no_price_dollars": "0.0200", "price": 0.98, "taker_side": "no", "ticker": "KXINXU-26FEB23H1600-T6624.9999", "trade_id": "fe37685d-1ea9-6c3c-9d2d-c5c5afa476df", "yes_price": 98, "yes_price_dollars": "0.9800"}
{"count": 1, "count_fp": "1.00", "created_time": "2026-02-21T10:12:08.446959Z", "no_price": 2, "no_price_dollars": "0.0200", "price": 0.98, "taker_side": "no", "ticker": "KXINXU-26FEB23H1600-T6624.9999", "trade_id": "b1aa2f3e-b6b9-47b0-2018-4ec50b106717", "yes_price": 98, "yes_price_dollars": "0.9800"}
{"count": 1, "count_fp": "1.00", "created_time": "2026-02-21T08:23:21.836164Z", "no_price": 2, "no_price_dollars": "0.0200", "price": 0.98, "taker_side": "no", "ticker": "KXINXU-26FEB23H1600-T6624.9999", "trade_id": "f33d2f3b-5fa1-7ba0-e83e-40cf4b413423", "yes_price": 98, "yes_price_dollars": "0.9800"}
{"count": 1, "count_fp": "1.00", "created_time": "2026-02-21T05:07:23.746957Z", "no_price": 2, "no_price_dollars": "0.0200", "price": 0.98, "taker_side": "no", "ticker": "KXINXU-26FEB23H1600-T6624.9999", "trade_id": "fa9a771c-65e5-573c-9e49-c4dfe4f32f17", "yes_price": 98, "yes_price_dollars": "0.9800"}
{"count": 1, "count_fp": "1.00", "created_time": "2026-02-21T14:09:09.599552Z", "no_price": 2, "no_price_dollars": "0.0200", "price": 0.98, "taker_side": "no", "ticker": "KXINXU-26FEB23H1600-T6599.9999", "trade_id": "6fdd2ca5-3903-7c52-303b-ebc9a04d35e6", "yes_price": 98, "yes_price_dollars": "0.9800"}
{"count": 1, "count_fp": "1.00", "created_time": "2026-02-21T10:12:59.903702Z", "no_price": 2, "no_price_dollars": "0.0200", "price": 0.98, "taker_side": "no", "ticker": "KXINXU-26FEB23H1600-T6599.9999", "trade_id": "562ef8ae-02c3-43a2-5868-4476245e220a", "yes_price": 98, "yes_price_dollars": "0.9800"}
{"count": 1, "count_fp": "1.00", "created_time": "2026-02-21T10:12:52.345628Z", "no_price": 2, "no_price_dollars": "0.0200", "price": 0.98, "taker_side": "no", "ticker": "KXINXU-26FEB23H1600-T6599.9999", "trade_id": "c21f00a7-370f-5ff6-163c-bdc9b4f2f51e", "yes_price": 98, "yes_price_dollars": "0.9800"}
{"count": 1, "count_fp": "1.00", "created_time": "2026-02-21T10:12:40.55802Z", "no_price": 2, "no_price_dollars": "0.0200", "price": 0.98, "taker_side": "no", "ticker": "KXINXU-26FEB23H1600-T6599.9999", "trade_id": "b327c44d-fe27-441e-27dc-c7d24886e156", "yes_price": 98, "yes_price_dollars": "0.9800"}
{"count": 1, "count_fp": "1.00", "created_time": "2026-02-21T10:12:32.572804Z", "no_price": 2, "no_price_dollars": "0.0200", "price": 0.98, "taker_side": "no", "ticker": "KXINXU-26FEB23H1600-T6599.9999", "trade_id": "72acd0c6-290b-4bd6-a432-e01cc2e894be", "yes_price": 98, "yes_price_dollars": "0.9800"}
{"count": 1, "count_fp": "1.00", "created_time": "2026-02-21T10:11:48.215006Z", "no_price": 2, "no_price_dollars": "0.0200", "price": 0.98, "taker_side": "no", "ticker": "KXINXU-26FEB23H1600-T6599.9999", "trade_id": "75035d05-2077-5226-1921-f133a5a4ed7e", "yes_price": 98, "yes_price_dollars": "0.9800"}
{"count": 1, "count_fp": "1.00", "created_time": "2026-02-21T09:09:14.120317Z", "no_price": 2, "no_price_dollars": "0.0200", "price": 0.98, "taker_side": "no", "ticker": "KXINXU-26FEB23H1600-T6599.9999", "trade_id": "1c08ac39-e367-4e36-23f3-0d3579bc4906", "yes_price": 98, "yes_price_dollars": "0.9800"}
{"count": 1, "count_fp": "1.00", "created_time": "2026-02-21T08:23:31.46413Z", "no_price": 2, "no_price_dollars": "0.0200", "price": 0.98, "taker_side": "no", "ticker": "KXINXU-26FEB23H1600-T6599.9999", "trade_id": "42713f33-1d33-5d66-8cbc-b807a34d8c0e", "yes_price": 98, "yes_price_dollars": "0.9800"}
{"count": 1, "count_fp": "1.00", "created_time": "2026-02-21T05:20:42.585683Z", "no_price": 2, "no_price_dollars": "0.0200", "price": 0.98, "taker_side": "no", "ticker": "KXINXU-26FEB23H1600-T6599.9999", "trade_id": "11071028-fc27-600e-0fcb-18508c19a50e", "yes_price": 98, "yes_price_dollars": "0.9800"}
{"count": 2, "count_fp": "2.00", "created_time": "2026-02-21T00:59:29.291263Z", "no_price": 1, "no_price_dollars": "0.0100", "price": 0.99, "taker_side": "no", "ticker": "KXINXU-26FEB23H1600-T6599.9999", "trade_id": "674364b1-781d-5ed4-2dd6-0a0f288d5984", "yes_price": 99, "yes_price_dollars": "0.9900"}
{"count": 2, "count_fp": "2.00", "created_time": "2026-02-21T00:59:29.026278Z", "no_price": 1, "no_price_dollars": "0.0100", "price": 0.99, "taker_side": "no", "ticker": "KXINXU-26FEB23H1600-T6599.9999", "trade_id": "bacd0788-07dd-51c4-246f-ec70a4b7848c", "yes_price": 99, "yes_price_dollars": "0.9900"}
{"count": 2, "count_fp": "2.00", "created_time": "2026-02-21T00:59:28.775065Z", "no_price": 1, "no_price_dollars": "0.0100", "price": 0.99, "taker_side": "no", "ticker": "KXINXU-26FEB23H1600-T6599.9999", "trade_id": "fa05db88-64b1-5fe0-c977-bfef90f4c4dc", "yes_price": 99, "yes_price_dollars": "0.9900"}
{"count": 2, "count_fp": "2.00", "created_time": "2026-02-21T00:59:28.51298Z", "no_price": 1, "no_price_dollars": "0.0100", "price": 0.99, "taker_side": "no", "ticker": "KXINXU-26FEB23H1600-T6599.9999", "trade_id": "a5dd1189-4261-54e8-e43c-575f251f8f84", "yes_price": 99, "yes_price_dollars": "0.9900"}
{"count": 2, "count_fp": "2.00", "created_time": "2026-02-21T00:59:28.215066Z", "no_price": 1, "no_price_dollars": "0.0100", "price": 0.99, "taker_side": "no", "ticker": "KXINXU-26FEB23H1600-T6599.9999", "trade_id": "da98192d-62e5-7164-b744-74a440cb9328", "yes_price": 99, "yes_price_dollars": "0.9900"}
{"count": 1, "count_fp": "1.00", "created_time": "2026-02-21T08:23:21.835977Z", "no_price": 6, "no_price_dollars": "0.0600", "price": 0.94, "taker_side": "yes", "ticker": "KXINXU-26FEB23H1600-T6574.9999", "trade_id": "88b1b811-7396-497a-0c59-a98d2dac13c2", "yes_price": 94, "yes_price_dollars": "0.9400"}
{"count": 1, "count_fp": "1.00", "created_time": "2026-02-21T09:09:14.120028Z", "no_price": 6, "no_price_dollars": "0.0600", "price": 0.94, "taker_side": "yes", "ticker": "KXINXU-26FEB23H1600-T6549.9999", "trade_id": "4f13a159-bfb2-4b36-eef6-692be06e1303", "yes_price": 94, "yes_price_dollars": "0.9400"}
{"count": 2, "count_fp": "2.00", "created_time": "2026-02-21T00:59:28.136474Z", "no_price": 4, "no_price_dollars": "0.0400", "price": 0.96, "taker_side": "yes", "ticker": "KXINXU-26FEB23H1600-T6549.9999", "trade_id": "dc43623d-f57c-7951-e937-829a42afacdb", "yes_price": 96, "yes_price_dollars": "0.9600"}
{"count": 2, "count_fp": "2.00", "created_time": "2026-02-21T00:59:28.408124Z", "no_price": 4, "no_price_dollars": "0.0400", "price": 0.96, "taker_side": "yes", "ticker": "KXINXU-26FEB23H1600-T6524.9999", "trade_id": "cbf3c774-3dd1-5ad8-71ba-c81b29406d39", "yes_price": 96, "yes_price_dollars": "0.9600"}
{"count": 2, "count_fp": "2.00", "created_time": "2026-02-21T00:59:28.693506Z", "no_price": 4, "no_price_dollars": "0.0400", "price": 0.96, "taker_side": "yes", "ticker": "KXINXU-26FEB23H1600-T6499.9999", "trade_id": "f57854af-32d6-6d85-e59c-f1e88a1718c3", "yes_price": 96, "yes_price_dollars": "0.9600"}
{"count": 1, "count_fp": "1.00", "created_time": "2026-02-21T10:11:48.215374Z", "no_price": 6, "no_price_dollars": "0.0600", "price": 0.94, "taker_side": "yes", "ticker": "KXINXU-26FEB23H1600-T6474.9999", "trade_id": "59e136ec-8b0f-69af-2fa9-529ec283e396", "yes_price": 94, "yes_price_dollars": "0.9400"}
{"count": 2, "count_fp": "2.00", "created_time": "2026-02-21T00:59:28.945277Z", "no_price": 4, "no_price_dollars": "0.0400", "price": 0.96, "taker_side": "yes", "ticker": "KXINXU-26FEB23H1600-T6474.9999", "trade_id": "8745aa91-984c-617f-ea96-10dd0102c6a3", "yes_price": 96, "yes_price_dollars": "0.9600"}
{"count": 1, "count_fp": "1.00", "created_time": "2026-02-21T05:20:42.580608Z", "no_price": 15, "no_price_dollars": "0.1500", "price": 0.85, "taker_side": "yes", "ticker": "KXINXU-26FEB23H1600-T6449.9999", "trade_id": "247db438-ddf9-7e5c-d630-32991a2cb25d", "yes_price": 85, "yes_price_dollars": "0.8500"}
{"count": 1, "count_fp": "1.00", "created_time": "2026-02-21T14:09:09.601538Z", "no_price": 6, "no_price_dollars": "0.0600", "price": 0.94, "taker_side": "yes", "ticker": "KXINXU-26FEB23H1600-T6424.9999", "trade_id": "7b5fdd27-183d-434e-7e6f-e4ba0368c46f", "yes_price": 94, "yes_price_dollars": "0.9400"}
{"count": 2, "count_fp": "2.00", "created_time": "2026-02-21T00:59:29.373239Z", "no_price": 4, "no_price_dollars": "0.0400", "price": 0.96, "taker_side": "yes", "ticker": "KXINXU-26FEB23H1600-T6424.9999", "trade_id": "4532db42-f141-4a36-3e02-b6af5ae89d9a", "yes_price": 96, "yes_price_dollars": "0.9600"}
{"count": 1, "count_fp": "1.00", "created_time": "2026-02-21T05:07:23.742089Z", "no_price": 6, "no_price_dollars": "0.0600", "price": 0.94, "taker_side": "yes", "ticker": "KXINXU-26FEB23H1600-T6399.9999", "trade_id": "5f4ac5d3-8190-6b5e-2302-5a7410c27615", "yes_price": 94, "yes_price_dollars": "0.9400"}
{"count": 1, "count_fp": "1.00", "created_time": "2026-02-21T10:12:08.447511Z", "no_price": 6, "no_price_dollars": "0.0600", "price": 0.94, "taker_side": "yes", "ticker": "KXINXU-26FEB23H1600-T6374.9999", "trade_id": "7de05950-5f4f-4fec-1d2f-b27454190c4e", "yes_price": 94, "yes_price_dollars": "0.9400"}
{"count": 1, "count_fp": "1.00", "created_time": "2026-02-21T10:12:17.602307Z", "no_price": 6, "no_price_dollars": "0.0600", "price": 0.94, "taker_side": "yes", "ticker": "KXINXU-26FEB23H1600-T6349.9999", "trade_id": "9b9893f8-f817-6215-af07-7cd1c3ba73f7", "yes_price": 94, "yes_price_dollars": "0.9400"}
{"count": 1, "count_fp": "1.00", "created_time": "2026-02-21T10:12:24.207222Z", "no_price": 6, "no_price_dollars": "0.0600", "price": 0.94, "taker_side": "yes", "ticker": "KXINXU-26FEB23H1600-T6324.9999", "trade_id": "5174ab9d-1a66-6abe-4185-4f457c4b8f55", "yes_price": 94, "yes_price_dollars": "0.9400"}
{"count": 1, "count_fp": "1.00", "created_time": "2026-02-21T10:12:32.572765Z", "no_price": 6, "no_price_dollars": "0.0600", "price": 0.94, "taker_side": "yes", "ticker": "KXINXU-26FEB23H1600-T6299.9999", "trade_id": "b4795ab9-8a27-403f-b8f8-fba6e7e9ce2c", "yes_price": 94, "yes_price_dollars": "0.9400"}
{"count": 1, "count_fp": "1.00", "created_time": "2026-02-21T10:12:52.34507Z", "no_price": 6, "no_price_dollars": "0.0600", "price": 0.94, "taker_side": "yes", "ticker": "KXINXU-26FEB23H1600-T6249.9999", "trade_id": "5e64ede3-7a9f-4e2f-a859-dec85b9c0418", "yes_price": 94, "yes_price_dollars": "0.9400"}
{"count": 1, "count_fp": "1.00", "created_time": "2026-02-21T10:12:59.90329Z", "no_price": 6, "no_price_dollars": "0.0600", "price": 0.94, "taker_side": "yes", "ticker": "KXINXU-26FEB23H1600-T6224.9999", "trade_id": "40a3e4fd-a41e-4ad2-3f95-b981d4182dd1", "yes_price": 94, "yes_price_dollars": "0.9400"}
{"count": 1, "count_fp": "1.00", "created_time": "2026-02-21T10:12:40.556864Z", "no_price": 6, "no_price_dollars": "0.0600", "price": 0.94, "taker_side": "yes", "ticker": "KXINXU-26FEB23H1600-T6199.9999", "trade_id": "c80edbbb-069a-7e99-386c-84b268fb602e", "yes_price": 94, "yes_price_dollars": "0.9400"}
{"count": 1, "count_fp": "1.00", "created_time": "2026-02-21T08:23:31.458654Z", "no_price": 6, "no_price_dollars": "0.0600", "price": 0.94, "taker_side": "yes", "ticker": "KXINXU-26FEB23H1600-T6124.9999", "trade_id": "0def4f52-2098-7bc7-3a66-2b47a1785335", "yes_price": 94, "yes_price_dollars": "0.9400"}
{"count": 23, "count_fp": "23.00", "created_time": "2026-02-21T22:05:54.06493Z", "no_price": 32, "no_price_dollars": "0.3200", "price": 0.68, "taker_side": "yes", "ticker": "KXINXPOS-26DEC31H1900-T6845.5", "trade_id": "90d31f7e-ee60-5f43-596b-38393e9633a6", "yes_price": 68, "yes_price_dollars": "0.6800"}
{"count": 18, "count_fp": "18.00", "created_time": "2026-02-21T22:05:54.06493Z", "no_price": 35, "no_price_dollars": "0.3500", "price": 0.65, "taker_side": "yes", "ticker": "KXINXPOS-26DEC31H1900-T6845.5", "trade_id": "677a99fd-c1ea-5400-5210-ef031779413c", "yes_price": 65, "yes_price_dollars": "0.6500"}
{"count": 1, "count_fp": "1.00", "created_time": "2026-02-21T19:57:40.765929Z", "no_price": 36, "no_price_dollars": "0.3600", "price": 0.64, "taker_side": "no", "ticker": "KXINXPOS-26DEC31H1900-T6845.5", "trade_id": "2da4e01c-0308-6a55-0181-96c8e8f74132", "yes_price": 64, "yes_price_dollars": "0.6400"}
{"count": 1, "count_fp": "1.00", "created_time": "2026-02-21T17:26:52.319021Z", "no_price": 32, "no_price_dollars": "0.3200", "price": 0.68, "taker_side": "yes", "ticker": "KXINXPOS-26DEC31H1900-T6845.5", "trade_id": "aab266c3-bf27-4fbc-974c-cf5a403a43d3", "yes_price": 68, "yes_price_dollars": "0.6800"}
{"count": 1, "count_fp": "1.00", "created_time": "2026-02-21T16:28:48.483251Z", "no_price": 35, "no_price_dollars": "0.3500", "price": 0.65, "taker_side": "yes", "ticker": "KXINXPOS-26DEC31H1900-T6845.5", "trade_id": "b88931d4-78c5-4d0e-c7cb-b386718235a8", "yes_price": 65, "yes_price_dollars": "0.6500"}
{"count": 60, "count_fp": "60.00", "created_time": "2026-02-21T15:31:23.587259Z", "no_price": 34, "no_price_dollars": "0.3400", "price": 0.66, "taker_side": "yes", "ticker": "KXINXPOS-26DEC31H1900-T6845.5", "trade_id": "b63a58e9-70c8-55e5-4e68-1c729b75d3eb", "yes_price": 66, "yes_price_dollars": "0.6600"}
{"count": 1000, "count_fp": "1000.00", "created_time": "2026-02-21T14:46:05.147009Z", "no_price": 38, "no_price_dollars": "0.3800", "price": 0.62, "taker_side": "no", "ticker": "KXINXPOS-26DEC31H1900-T6845.5", "trade_id": "7cf3e0ce-7f67-7eda-5b56-0c843543328a", "yes_price": 62, "yes_price_dollars": "0.6200"}
{"count": 200, "count_fp": "200.00", "created_time": "2026-02-21T14:46:05.147009Z", "no_price": 38, "no_price_dollars": "0.3800", "price": 0.62, "taker_side": "no", "ticker": "KXINXPOS-26DEC31H1900-T6845.5", "trade_id": "1d390ce3-0374-7b8f-7a02-483543dde8a9", "yes_price": 62, "yes_price_dollars": "0.6200"}
{"count": 20, "count_fp": "20.00", "created_time": "2026-02-21T14:45:45.174604Z", "no_price": 37, "no_price_dollars": "0.3700", "price": 0.63, "taker_side": "no", "ticker": "KXINXPOS-26DEC31H1900-T6845.5", "trade_id": "f7c94ded-cba2-7bc1-08a7-090dd494ea1e", "yes_price": 63, "yes_price_dollars": "0.6300"}
{"count": 9, "count_fp": "9.00", "created_time": "2026-02-21T12:06:00.414547Z", "no_price": 36, "no_price_dollars": "0.3600", "price": 0.64, "taker_side": "no", "ticker": "KXINXPOS-26DEC31H1900-T6845.5", "trade_id": "db7413fb-3c63-5a5d-3bf8-537ff4ed61ec", "yes_price": 64, "yes_price_dollars": "0.6400"}
{"count": 8, "count_fp": "8.00", "created_time": "2026-02-21T12:06:00.414547Z", "no_price": 36, "no_price_dollars": "0.3600", "price": 0.64, "taker_side": "no", "ticker": "KXINXPOS-26DEC31H1900-T6845.5", "trade_id": "c9925736-f931-536c-35a9-b822fddc5088", "yes_price": 64, "yes_price_dollars": "0.6400"}
{"count": 12, "count_fp": "12.00", "created_time": "2026-02-21T12:06:00.414547Z", "no_price": 36, "no_price_dollars": "0.3600", "price": 0.64, "taker_side": "no", "ticker": "KXINXPOS-26DEC31H1900-T6845.5", "trade_id": "a7593963-b640-5418-272c-9945e3e245af", "yes_price": 64, "yes_price_dollars": "0.6400"}
{"count": 500, "count_fp": "500.00", "created_time": "2026-02-21T12:06:00.414547Z", "no_price": 37, "no_price_dollars": "0.3700", "price": 0.63, "taker_side": "no", "ticker": "KXINXPOS-26DEC31H1900-T6845.5", "trade_id": "a5fe7193-be5b-5a62-3005-2ac3c114cbef", "yes_price": 63, "yes_price_dollars": "0.6300"}
{"count": 16, "count_fp": "16.00", "created_time": "2026-02-21T11:55:11.167078Z", "no_price": 34, "no_price_dollars": "0.3400", "price": 0.66, "taker_side": "yes", "ticker": "KXINXPOS-26DEC31H1900-T6845.5", "trade_id": "40b857e8-ab48-57d5-057d-af2d2c640cf7", "yes_price": 66, "yes_price_dollars": "0.6600"}
{"count": 14, "count_fp": "14.00", "created_time": "2026-02-21T05:26:49.566732Z", "no_price": 34, "no_price_dollars": "0.3400", "price": 0.66, "taker_side": "yes", "ticker": "KXINXPOS-26DEC31H1900-T6845.5", "trade_id": "f776b682-30b0-56f5-93a2-e455d3c83133", "yes_price": 66, "yes_price_dollars": "0.6600"}
{"count": 14, "count_fp": "14.00", "created_time": "2026-02-21T03:12:12.66868Z", "no_price": 34, "no_price_dollars": "0.3400", "price": 0.66, "taker_side": "yes", "ticker": "KXINXPOS-26DEC31H1900-T6845.5", "trade_id": "a3b1b03a-1b0c-7719-5a9b-7736013df433", "yes_price": 66, "yes_price_dollars": "0.6600"}
{"count": 7, "count_fp": "7.00", "created_time": "2026-02-21T01:59:57.067221Z", "no_price": 34, "no_price_dollars": "0.3400", "price": 0.66, "taker_side": "yes", "ticker": "KXINXPOS-26DEC31H1900-T6845.5", "trade_id": "f6593f1c-00bc-7f3d-b2b6-5a745079c423", "yes_price": 66, "yes_price_dollars": "0.6600"}
{"count": 37, "count_fp": "37.00", "created_time": "2026-02-21T01:37:24.24026Z", "no_price": 34, "no_price_dollars": "0.3400", "price": 0.66, "taker_side": "yes", "ticker": "KXINXPOS-26DEC31H1900-T6845.5", "trade_id": "3a88cdbb-ce30-4759-1448-e470d23b0aff", "yes_price": 66, "yes_price_dollars": "0.6600"}
