{"count": 51, "count_fp": "51.00", "created_time": "2026-02-11T19:09:55.09932Z", "no_price": 98, "no_price_dollars": "0.9800", "price": 0.02, "taker_side": "yes", "ticker": "KXINX-26FEB11H1600-B7012", "trade_id": "7520a1cf-da30-7ae9-24f1-95e607399287", "yes_price": 2, "yes_price_dollars": "0.0200"}
{"count": 5, "count_fp": "5.00", "created_time": "2026-02-11T16:52:31.072191Z", "no_price": 95, "no_price_dollars": "0.9500", "price": 0.05, "taker_side": "yes", "ticker": "KXINX-26FEB11H1600-B7012", "trade_id": "01a554ea-2db5-4579-b040-3f672d4b160a", "yes_price": 5, "yes_price_dollars": "0.0500"}
{"count": 100, "count_fp": "100.00", "created_time": "2026-02-11T16:52:22.321253Z", "no_price": 95, "no_price_dollars": "0.9500", "price": 0.05, "taker_side": "yes", "ticker": "KXINX-26FEB11H1600-B7012", "trade_id": "2df23643-5581-5bcd-fe2d-78c1deedeff2", "yes_price": 5, "yes_price_dollars": "0.0500"}
{"count": 20, "count_fp": "20.00", "created_time": "2026-02-11T14:57:11.780472Z", "no_price": 89, "no_price_dollars": "0.8900", "price": 0.11, "taker_side": "no", "ticker": "KXINX-26FEB11H1600-B7012", "trade_id": "043e2f25-baae-6e86-8f11-1c2e64723c44", "yes_price": 11, "yes_price_dollars": "0.1100"}
{"count": 129, "count_fp": "129.00", "created_time": "2026-02-11T14:57:08.837622Z", "no_price": 86, "no_price_dollars": "0.8600", "price": 0.14, "taker_side": "yes", "ticker": "KXINX-26FEB11H1600-B7012", "trade_id": "636a8cf8-30b6-4489-c9cc-14135e9318df", "yes_price": 14, "yes_price_dollars": "0.1400"}
{"count": 24, "count_fp": "24.00", "created_time": "2026-02-11T14:46:43.769156Z", "no_price": 73, "no_price_dollars": "0.7300", "price": 0.27, "taker_side": "no", "ticker": "KXINX-26FEB11H1600-B7012", "trade_id": "9ce6ab89-8271-682f-9752-cc926c258506", "yes_price": 27, "yes_price_dollars": "0.2700"}
{"count": 7, "count_fp": "7.00", "created_time": "2026-02-11T14:30:31.502635Z", "no_price": 69, "no_price_dollars": "0.6900", "price": 0.31, "taker_side": "yes", "ticker": "KXINX-26FEB11H1600-B7012", "trade_id": "6dd881e2-ae80-5d9a-08a0-9d8743560656", "yes_price": 31, "yes_price_dollars": "0.3100"}
{"count": 5, "count_fp": "5.00", "created_time": "2026-02-11T14:28:58.517039Z", "no_price": 69, "no_price_dollars": "0.6900", "price": 0.31, "taker_side": "yes", "ticker": "KXINX-26FEB11H1600-B7012", "trade_id": "f9e09b23-5734-4bf6-6dd3-9cb0cdc98212", "yes_price": 31, "yes_price_dollars": "0.3100"}
{"count": 5, "count_fp": "5.00", "created_time": "2026-02-11T14:00:52.124842Z", "no_price": 72, "no_price_dollars": "0.7200", "price": 0.28, "taker_side": "no", "ticker": "KXINX-26FEB11H1600-B7012", "trade_id": "be6ae3ee-c0c5-7871-a811-c9ef49dd11ab", "yes_price": 28, "yes_price_dollars": "0.2800"}
{"count": 47, "count_fp": "47.00", "created_time": "2026-02-11T13:32:52.895431Z", "no_price": 82, "no_price_dollars": "0.8200", "price": 0.18, "taker_side": "no", "ticker": "KXINX-26FEB11H1600-B7012", "trade_id": "0c7cd1a9-141e-79e9-729a-728e5af557df", "yes_price": 18, "yes_price_dollars": "0.1800"}
{"count": 13, "count_fp": "13.00", "created_time": "2026-02-11T13:32:00.427344Z", "no_price": 82, "no_price_dollars": "0.8200", "price": 0.18, "taker_side": "no", "ticker": "KXINX-26FEB11H1600-B7012", "trade_id": "54da5fa8-3afb-7302-65c7-a3d6e3440f09", "yes_price": 18, "yes_price_dollars": "0.1800"}
{"count": 473, "count_fp": "473.00", "created_time": "2026-02-11T20:50:07.931749Z", "no_price": 99, "no_price_dollars": "0.9900", "price": 0.01, "taker_side": "no", "ticker": "KXINX-26FEB11H1600-B6987", "trade_id": "c9ea7c79-c2fa-5065-3e44-3f019d38737d", "yes_price": 1, "yes_price_dollars": "0.0100"}
{"count": 100, "count_fp": "100.00", "created_time": "2026-02-11T20:50:07.931749Z", "no_price": 99, "no_price_dollars": "0.9900", "price": 0.01, "taker_side": "no", "ticker": "KXINX-26FEB11H1600-B6987", "trade_id": "086ce823-1964-5c13-3df4-8eef407c3f81", "yes_price": 1, "yes_price_dollars": "0.0100"}
{"count": 25, "count_fp": "25.00", "created_time": "2026-02-11T20:38:14.545294Z", "no_price": 99, "no_price_dollars": "0.9900", "price": 0.01, "taker_side": "no", "ticker": "KXINX-26FEB11H1600-B6987", "trade_id": "9d9f71f9-7e9e-7f8d-cef0-9dee46cdc66d", "yes_price": 1, "yes_price_dollars": "0.0100"}
{"count": 5, "count_fp": "5.00", "created_time": "2026-02-11T20:33:39.626185Z", "no_price": 99, "no_price_dollars": "0.9900", "price": 0.01, "taker_side": "no", "ticker": "KXINX-26FEB11H1600-B6987", "trade_id": "4cfc55cf-a59e-4cfd-1546-2562ebb842c9", "yes_price": 1, "yes_price_dollars": "0.0100"}
{"count": 100, "count_fp": "100.00", "created_time": "2026-02-11T18:58:18.043235Z", "no_price": 97, "no_price_dollars": "0.9700", "price": 0.03, "taker_side": "no", "ticker": "KXINX-26FEB11H1600-B6987", "trade_id": "7ba76d44-5df6-63d9-2759-8e9aa568d7ee", "yes_price": 3, "yes_price_dollars": "0.0300"}
{"count": 81, "count_fp": "81.00", "created_time": "2026-02-11T18:53:07.95371Z", "no_price": 64, "no_price_dollars": "0.6400", "price": 0.36, "taker_side": "no", "ticker": "KXINX-26FEB11H1600-B6987", "trade_id": "acda9b81-e62b-7ed5-21c6-3664a0d59fc6", "yes_price": 36, "yes_price_dollars": "0.3600"}
{"count": 19, "count_fp": "19.00", "created_time": "2026-02-11T18:53:07.950718Z", "no_price": 64, "no_price_dollars": "0.6400", "price": 0.36, "taker_side": "no", "ticker": "KXINX-26FEB11H1600-B6987", "trade_id": "a51083eb-3c8b-4b61-295f-5b6b2195ff96", "yes_price": 36, "yes_price_dollars": "0.3600"}
{"count": 100, "count_fp": "100.00", "created_time": "2026-02-11T18:15:11.9872Z", "no_price": 97, "no_price_dollars": "0.9700", "price": 0.03, "taker_side": "yes", "ticker": "KXINX-26FEB11H1600-B6987", "trade_id": "0f5ebd51-ddbf-6f49-fd03-ac875c3981b6", "yes_price": 3, "yes_price_dollars": "0.0300"}
{"count": 100, "count_fp": "100.00", "created_time": "2026-02-11T18:11:23.130745Z", "no_price": 64, "no_price_dollars": "0.6400", "price": 0.36, "taker_side": "no", "ticker": "KXINX-26FEB11H1600-B6987", "trade_id": "0375664d-2d50-6100-3db0-b254c2c11419", "yes_price": 36, "yes_price_dollars": "0.3600"}
{"count": 1, "count_fp": "1.00", "created_time": "2026-02-11T18:04:36.787576Z", "no_price": 77, "no_price_dollars": "0.7700", "price": 0.23, "taker_side": "yes", "ticker": "KXINX-26FEB11H1600-B6987", "trade_id": "5c05f413-7846-43d9-727c-37f0c42b5329", "yes_price": 23, "yes_price_dollars": "0.2300"}
{"count": 4, "count_fp": "4.00", "created_time": "2026-02-11T18:04:36.787576Z", "no_price": 64, "no_price_dollars": "0.6400", "price": 0.36, "taker_side": "yes", "ticker": "KXINX-26FEB11H1600-B6987", "trade_id": "390b556e-11bb-4d0a-559b-927b23650499", "yes_price": 36, "yes_price_dollars": "0.3600"}
{"count": 35, "count_fp": "35.00", "created_time": "2026-02-11T17:54:35.223492Z", "no_price": 87, "no_price_dollars": "0.8700", "price": 0.13, "taker_side": "no", "ticker": "KXINX-26FEB11H1600-B6987", "trade_id": "f4fa18a5-5752-5b29-f440-7d3bc9e38064", "yes_price": 13, "yes_price_dollars": "0.1300"}
{"count": 22, "count_fp": "22.00", "created_time": "2026-02-11T17:54:35.223492Z", "no_price": 86, "no_price_dollars": "0.8600", "price": 0.14, "taker_side": "no", "ticker": "KXINX-26FEB11H1600-B6987", "trade_id": "4c699c6b-88b2-53e5-c3c5-89a516e7c855", "yes_price": 14, "yes_price_dollars": "0.1400"}
{"count": 14, "count_fp": "14.00", "created_time": "2026-02-11T17:34:38.939474Z", "no_price": 82, "no_price_dollars": "0.8200", "price": 0.18, "taker_side": "no", "ticker": "KXINX-26FEB11H1600-B6987", "trade_id": "51188382-c88d-4ab9-fb26-47860a5bda60", "yes_price": 18, "yes_price_dollars": "0.1800"}
{"count": 50, "count_fp": "50.00", "created_time": "2026-02-11T17:25:00.88525Z", "no_price": 86, "no_price_dollars": "0.8600", "price": 0.14, "taker_side": "yes", "ticker": "KXINX-26FEB11H1600-B6987", "trade_id": "2b3a73b6-2564-7656-01cc-5bc8ccc356f7", "yes_price": 14, "yes_price_dollars": "0.1400"}
{"count": 14, "count_fp": "14.00", "created_time": "2026-02-11T17:24:15.404851Z", "no_price": 86, "no_price_dollars": "0.8600", "price": 0.14, "taker_side": "no", "ticker": "KXINX-26FEB11H1600-B6987", "trade_id": "c8518941-ae62-6b61-33fa-8333c5fd42b1", "yes_price": 14, "yes_price_dollars": "0.1400"}
{"count": 59, "count_fp": "59.00", "created_time": "2026-02-11T16:46:02.131111Z", "no_price": 81, "no_price_dollars": "0.8100", "price": 0.19, "taker_side": "yes", "ticker": "KXINX-26FEB11H1600-B6987", "trade_id": "40907b35-b01b-4435-a4df-73e514b5bd12", "yes_price": 19, "yes_price_dollars": "0.1900"}
{"count": 58, "count_fp": "58.00", "created_time": "2026-02-11T16:25:44.372502Z", "no_price": 83, "no_price_dollars": "0.8300", "price": 0.17, "taker_side": "no", "ticker": "KXINX-26FEB11H1600-B6987", "trade_id": "453c1577-df6c-624e-a22c-94a52d2a332a", "yes_price": 17, "yes_price_dollars": "0.1700"}
{"count": 1, "count_fp": "1.00", "created_time": "2026-02-11T16:14:09.499449Z", "no_price": 86, "no_price_dollars": "0.8600", "price": 0.14, "taker_side": "yes", "ticker": "KXINX-26FEB11H1600-B6987", "trade_id": "542e7747-6075-5f42-d5ca-6e8b45472506", "yes_price": 14, "yes_price_dollars": "0.1400"}
{"count": 1, "count_fp": "1.00", "created_time": "2026-02-11T15:36:16.684831Z", "no_price": 90, "no_price_dollars": "0.9000", "price": 0.1, "taker_side": "yes", "ticker": "KXINX-26FEB11H1600-B6987", "trade_id": "f81b3655-c809-698c-4eb1-ce32f58cebde", "yes_price": 10, "yes_price_dollars": "0.1000"}
{"count": 7, "count_fp": "7.00", "created_time": "2026-02-11T15:35:09.161706Z", "no_price": 91, "no_price_dollars": "0.9100", "price": 0.09, "taker_side": "yes", "ticker": "KXINX-26FEB11H1600-B6987", "trade_id": "80d0869f-7faf-4256-9b48-dbea0f99cc76", "yes_price": 9, "yes_price_dollars": "0.0900"}
{"count": 7, "count_fp": "7.00", "created_time": "2026-02-11T15:35:03.495426Z", "no_price": 91, "no_price_dollars": "0.9100", "price": 0.09, "taker_side": "yes", "ticker": "KXINX-26FEB11H1600-B6987", "trade_id": "b63ce31b-d9b8-47eb-cdcd-5e050388dca2", "yes_price": 9, "yes_price_dollars": "0.0900"}
{"count": 20, "count_fp": "20.00", "created_time": "2026-02-11T15:34:40.900431Z", "no_price": 93, "no_price_dollars": "0.9300", "price": 0.07, "taker_side": "no", "ticker": "KXINX-26FEB11H1600-B6987", "trade_id": "c29dd422-7896-5a95-f48a-3c710cf2e785", "yes_price": 7, "yes_price_dollars": "0.0700"}
{"count": 20, "count_fp": "20.00", "created_time": "2026-02-11T15:21:59.279537Z", "no_price": 91, "no_price_dollars": "0.9100", "price": 0.09, "taker_side": "no", "ticker": "KXINX-26FEB11H1600-B6987", "trade_id": "f0f4e4d4-9d4e-54d3-2b6b-ce794d339eae", "yes_price": 9, "yes_price_dollars": "0.0900"}
{"count": 39, "count_fp": "39.00", "created_time": "2026-02-11T15:21:59.279537Z", "no_price": 92, "no_price_dollars": "0.9200", "price": 0.08, "taker_side": "no", "ticker": "KXINX-26FEB11H1600-B6987", "trade_id": "62724e12-733f-57f6-1fe3-93a8b44c64f8", "yes_price": 8, "yes_price_dollars": "0.0800"}
{"count": 28, "count_fp": "28.00", "created_time": "2026-02-11T15:18:14.946675Z", "no_price": 87, "no_price_dollars": "0.8700", "price": 0.13, "taker_side": "no", "ticker": "KXINX-26FEB11H1600-B6987", "trade_id": "c6f3786b-a215-5d4f-97c6-f1b614b51e4c", "yes_price": 13, "yes_price_dollars": "0.1300"}
{"count": 20, "count_fp": "20.00", "created_time": "2026-02-11T15:11:02.318838Z", "no_price": 85, "no_price_dollars": "0.8500", "price": 0.15, "taker_side": "no", "ticker": "KXINX-26FEB11H1600-B6987", "trade_id": "e056ac6d-c798-47f3-a59b-fa14ff37c774", "yes_price": 15, "yes_price_dollars": "0.1500"}
{"count": 22, "count_fp": "22.00", "created_time": "2026-02-11T15:11:02.318838Z", "no_price": 87, "no_price_dollars": "0.8700", "price": 0.13, "taker_side": "no", "ticker": "KXINX-26FEB11H1600-B6987", "trade_id": "d522277a-4bc4-4679-816b-9f2f816c648c", "yes_price": 13, "yes_price_dollars": "0.1300"}
{"count": 14, "count_fp": "14.00", "created_time": "2026-02-11T15:11:02.318838Z", "no_price": 84, "no_price_dollars": "0.8400", "price": 0.16, "taker_side": "no", "ticker": "KXINX-26FEB11H1600-B6987", "trade_id": "5c1e19d2-c4d1-4acf-9739-ac4960b4714b", "yes_price": 16, "yes_price_dollars": "0.1600"}
{"count": 20, "count_fp": "20.00", "created_time": "2026-02-11T15:07:52.109241Z", "no_price": 75, "no_price_dollars": "0.7500", "price": 0.25, "taker_side": "yes", "ticker": "KXINX-26FEB11H1600-B6987", "trade_id": "cede381b-75b2-7376-8375-69660e672362", "yes_price": 25, "yes_price_dollars": "0.2500"}
{"count": 36, "count_fp": "36.00", "created_time": "2026-02-11T15:07:52.109241Z", "no_price": 74, "no_price_dollars": "0.7400", "price": 0.26, "taker_side": "yes", "ticker": "KXINX-26FEB11H1600-B6987", "trade_id": "38f2f796-cf43-7699-8d5e-9e62eb64b075", "yes_price": 26, "yes_price_dollars": "0.2600"}
{"count": 20, "count_fp": "20.00", "created_time": "2026-02-11T14:59:57.943831Z", "no_price": 70, "no_price_dollars": "0.7000", "price": 0.3, "taker_side": "yes", "ticker": "KXINX-26FEB11H1600-B6987", "trade_id": "faa23a2b-054f-7301-c44f-1abadfd0037a", "yes_price": 30, "yes_price_dollars": "0.3000"}
{"count": 20, "count_fp": "20.00", "created_time": "2026-02-11T14:59:57.943831Z", "no_price": 70, "no_price_dollars": "0.7000", "price": 0.3, "taker_side": "yes", "ticker": "KXINX-26FEB11H1600-B6987", "trade_id": "d856a807-463e-7c70-f65a-ae4af45124a3", "yes_price": 30, "yes_price_dollars": "0.3000"}
{"count": 118, "count_fp": "118.00", "created_time": "2026-02-11T14:59:57.943831Z", "no_price": 69, "no_price_dollars": "0.6900", "price": 0.31, "taker_side": "yes", "ticker": "KXINX-26FEB11H1600-B6987", "trade_id": "83e391e5-cadb-7919-e290-72b7ecc6f435", "yes_price": 31, "yes_price_dollars": "0.3100"}
{"count": 20, "count_fp": "20.00", "created_time": "2026-02-11T14:57:16.722679Z", "no_price": 71, "no_price_dollars": "0.7100", "price": 0.29, "taker_side": "no", "ticker": "KXINX-26FEB11H1600-B6987", "trade_id": "b5e58f1a-0f03-6b9e-ad1b-5ccd2ef02c14", "yes_price": 29, "yes_price_dollars": "0.2900"}
{"count": 6, "count_fp": "6.00", "created_time": "2026-02-11T14:41:06.078226Z", "no_price": 71, "no_price_dollars": "0.7100", "price": 0.29, "taker_side": "yes", "ticker": "KXINX-26FEB11H1600-B6987", "trade_id": "366a45e8-8cf4-534d-7655-742702f94ace", "yes_price": 29, "yes_price_dollars": "0.2900"}
{"count": 100, "count_fp": "100.00", "created_time": "2026-02-11T14:25:10.222472Z", "no_price": 67, "no_price_dollars": "0.6700", "price": 0.33, "taker_side": "no", "ticker": "KXINX-26FEB11H1600-B6987", "trade_id": "9bfe64fc-fdcd-684f-854d-5e33421a0cc2", "yes_price": 33, "yes_price_dollars": "0.3300"}
{"count": 2, "count_fp": "2.00", "created_time": "2026-02-11T13:37:25.034144Z", "no_price": 70, "no_price_dollars": "0.7000", "price": 0.3, "taker_side": "no", "ticker": "KXINX-26FEB11H1600-B6987", "trade_id": "2b28f352-cf2b-59a1-d777-e9e2fb06673a", "yes_price": 30, "yes_price_dollars": "0.3000"}
{"count": 12, "count_fp": "12.00", "created_time": "2026-02-11T13:32:52.91038Z", "no_price": 69, "no_price_dollars": "0.6900", "price": 0.31, "taker_side": "yes", "ticker": "KXINX-26FEB11H1600-B6987", "trade_id": "36dd9707-75b4-4ce9-5622-ea9abb8681f5", "yes_price": 31, "yes_price_dollars": "0.3100"}
{"count": 16, "count_fp": "16.00", "created_time": "2026-02-11T20:57:47.246962Z", "no_price": 90, "no_price_dollars": "0.9000", "price": 0.1, "taker_side": "yes", "ticker": "KXINX-26FEB11H1600-B6962", "trade_id": "8bc0414d-0458-4906-8bd7-5d2084634c12", "yes_price": 10, "yes_price_dollars": "0.1000"}
{"count": 34, "count_fp": "34.00", "created_time": "2026-02-11T20:57:47.246962Z", "no_price": 90, "no_price_dollars": "0.9000", "price": 0.1, "taker_side": "yes", "ticker": "KXINX-26FEB11H1600-B6962", "trade_id": "3ce7a07d-d006-4f12-82e2-536a9abc34a2", "yes_price": 10, "yes_price_dollars": "0.1000"}
{"count": 31, "count_fp": "31.00", "created_time": "2026-02-11T20:56:20.27694Z", "no_price": 85, "no_price_dollars": "0.8500", "price": 0.15, "taker_side": "no", "ticker": "KXINX-26FEB11H1600-B6962", "trade_id": "36c379f1-8416-5fe3-66c9-a41d3fa7ce8c", "yes_price": 15, "yes_price_dollars": "0.1500"}
{"count": 13, "count_fp": "13.00", "created_time": "2026-02-11T20:56:18.946408Z", "no_price": 87, "no_price_dollars": "0.8700", "price": 0.13, "taker_side": "no", "ticker": "KXINX-26FEB11H1600-B6962", "trade_id": "4d40aca9-1534-46d6-61bf-612e45d8d520", "yes_price": 13, "yes_price_dollars": "0.1300"}
{"count": 284, "count_fp": "284.00", "created_time": "2026-02-11T20:56:07.819678Z", "no_price": 85, "no_price_dollars": "0.8500", "price": 0.15, "taker_side": "yes", "ticker": "KXINX-26FEB11H1600-B6962", "trade_id": "d083da39-e73f-76c0-957a-9d0235417c14", "yes_price": 15, "yes_price_dollars": "0.1500"}
{"count": 9, "count_fp": "9.00", "created_time": "2026-02-11T20:56:07.819678Z", "no_price": 86, "no_price_dollars": "0.8600", "price": 0.14, "taker_side": "yes", "ticker": "KXINX-26FEB11H1600-B6962", "trade_id": "acf2650d-0add-75e6-bbda-d20930014c28", "yes_price": 14, "yes_price_dollars": "0.1400"}
{"count": 33, "count_fp": "33.00", "created_time": "2026-02-11T20:56:07.819678Z", "no_price": 86, "no_price_dollars": "0.8600", "price": 0.14, "taker_side": "yes", "ticker": "KXINX-26FEB11H1600-B6962", "trade_id": "9712ed92-c3b6-7b76-8592-7c8ae705509a", "yes_price": 14, "yes_price_dollars": "0.1400"}
{"count": 9, "count_fp": "9.00", "created_time": "2026-02-11T20:55:26.98989Z", "no_price": 78, "no_price_dollars": "0.7800", "price": 0.22, "taker_side": "yes", "ticker": "KXINX-26FEB11H1600-B6962", "trade_id": "8644a1ed-98df-40a6-865d-57b14e2f52ab", "yes_price": 22, "yes_price_dollars": "0.2200"}
{"count": 18, "count_fp": "18.00", "created_time": "2026-02-11T20:55:14.07012Z", "no_price": 71, "no_price_dollars": "0.7100", "price": 0.29, "taker_side": "no", "ticker": "KXINX-26FEB11H1600-B6962", "trade_id": "f2740674-b383-5a5c-53b0-c1d91553dcc4", "yes_price": 29, "yes_price_dollars": "0.2900"}
{"count": 29, "count_fp": "29.00", "created_time": "2026-02-11T20:54:50.186229Z", "no_price": 64, "no_price_dollars": "0.6400", "price": 0.36, "taker_side": "no", "ticker": "KXINX-26FEB11H1600-B6962", "trade_id": "8ca70eae-5e6f-66a5-4074-91267cc9a530", "yes_price": 36, "yes_price_dollars": "0.3600"}
{"count": 29, "count_fp": "29.00", "created_time": "2026-02-11T20:54:49.518644Z", "no_price": 65, "no_price_dollars": "0.6500", "price": 0.35, "taker_side": "yes", "ticker": "KXINX-26FEB11H1600-B6962", "trade_id": "14a51145-382e-43da-2d8d-7e169444b840", "yes_price": 35, "yes_price_dollars": "0.3500"}
{"count": 29, "count_fp": "29.00", "created_time": "2026-02-11T20:54:49.419456Z", "no_price": 66, "no_price_dollars": "0.6600", "price": 0.34, "taker_side": "yes", "ticker": "KXINX-26FEB11H1600-B6962", "trade_id": "b4835337-11db-4b25-38c2-efbf187ec35e", "yes_price": 34, "yes_price_dollars": "0.3400"}
{"count": 29, "count_fp": "29.00", "created_time": "2026-02-11T20:54:40.342603Z", "no_price": 56, "no_price_dollars": "0.5600", "price": 0.44, "taker_side": "no", "ticker": "KXINX-26FEB11H1600-B6962", "trade_id": "ce7924bd-a9ec-66fd-5797-7ec5b7d11c9d", "yes_price": 44, "yes_price_dollars": "0.4400"}
{"count": 5, "count_fp": "5.00", "created_time": "2026-02-11T20:54:35.494574Z", "no_price": 64, "no_price_dollars": "0.6400", "price": 0.36, "taker_side": "no", "ticker": "KXINX-26FEB11H1600-B6962", "trade_id": "6a9d6169-af89-43f2-4826-fe007917aabe", "yes_price": 36, "yes_price_dollars": "0.3600"}
{"count": 12, "count_fp": "12.00", "created_time": "2026-02-11T20:54:23.571236Z", "no_price": 62, "no_price_dollars": "0.6200", "price": 0.38, "taker_side": "yes", "ticker": "KXINX-26FEB11H1600-B6962", "trade_id": "79cdcd42-e085-4ae5-633b-1ad6ec1d3330", "yes_price": 38, "yes_price_dollars": "0.3800"}
{"count": 13, "count_fp": "13.00", "created_time": "2026-02-11T20:54:11.86941Z", "no_price": 54, "no_price_dollars": "0.5400", "price": 0.46, "taker_side": "yes", "ticker": "KXINX-26FEB11H1600-B6962", "trade_id": "21b816af-3edd-52dd-8221-286f6b2ea060", "yes_price": 46, "yes_price_dollars": "0.4600"}
{"count": 31, "count_fp": "31.00", "created_time": "2026-02-11T20:54:06.623515Z", "no_price": 55, "no_price_dollars": "0.5500", "price": 0.45, "taker_side": "no", "ticker": "KXINX-26FEB11H1600-B6962", "trade_id": "81706f23-8e1c-7263-4d5d-ac83d2d2713d", "yes_price": 45, "yes_price_dollars": "0.4500"}
{"count": 18, "count_fp": "18.00", "created_time": "2026-02-11T20:53:52.488413Z", "no_price": 46, "no_price_dollars": "0.4600", "price": 0.54, "taker_side": "yes", "ticker": "KXINX-26FEB11H1600-B6962", "trade_id": "8492f969-30c0-7f7c-23d4-0880d7ea9ef5", "yes_price": 54, "yes_price_dollars": "0.5400"}
{"count": 111, "count_fp": "111.00", "created_time": "2026-02-11T20:53:27.248332Z", "no_price": 56, "no_price_dollars": "0.5600", "price": 0.44, "taker_side": "yes", "ticker": "KXINX-26FEB11H1600-B6962", "trade_id": "ff21bc29-6c37-4786-7887-625074aaf89b", "yes_price": 44, "yes_price_dollars": "0.4400"}
{"count": 21, "count_fp": "21.00", "created_time": "2026-02-11T20:53:11.764559Z", "no_price": 65, "no_price_dollars": "0.6500", "price": 0.35, "taker_side": "no", "ticker": "KXINX-26FEB11H1600-B6962", "trade_id": "2d4982a6-9d84-566b-b4a4-06107dd87089", "yes_price": 35, "yes_price_dollars": "0.3500"}
{"count": 57, "count_fp": "57.00", "created_time": "2026-02-11T20:53:03.971134Z", "no_price": 70, "no_price_dollars": "0.7000", "price": 0.3, "taker_side": "yes", "ticker": "KXINX-26FEB11H1600-B6962", "trade_id": "809e1def-92a5-43a4-b7e4-aa1a5df86a12", "yes_price": 30, "yes_price_dollars": "0.3000"}
{"count": 24, "count_fp": "24.00", "created_time": "2026-02-11T20:52:40.171964Z", "no_price": 83, "no_price_dollars": "0.8300", "price": 0.17, "taker_side": "yes", "ticker": "KXINX-26FEB11H1600-B6962", "trade_id": "86d69a83-4b17-44d5-81c1-4d76857d7a22", "yes_price": 17, "yes_price_dollars": "0.1700"}
{"count": 9, "count_fp": "9.00", "created_time": "2026-02-11T20:52:40.171964Z", "no_price": 84, "no_price_dollars": "0.8400", "price": 0.16, "taker_side": "yes", "ticker": "KXINX-26FEB11H1600-B6962", "trade_id": "711d0872-858a-43ed-aff7-41163d8fede7", "yes_price": 16, "yes_price_dollars": "0.1600"}
{"count": 3, "count_fp": "3.00", "created_time": "2026-02-11T20:52:24.163276Z", "no_price": 87, "no_price_dollars": "0.8700", "price": 0.13, "taker_side": "no", "ticker": "KXINX-26FEB11H1600-B6962", "trade_id": "b817d784-bcdd-4c8e-2d5f-b85f4194b04b", "yes_price": 13, "yes_price_dollars": "0.1300"}
{"count": 5, "count_fp": "5.00", "created_time": "2026-02-11T20:51:45.053546Z", "no_price": 83, "no_price_dollars": "0.8300", "price": 0.17, "taker_side": "yes", "ticker": "KXINX-26FEB11H1600-B6962", "trade_id": "fd12ed5e-3326-7b0c-0967-439da9a37ca1", "yes_price": 17, "yes_price_dollars": "0.1700"}
{"count": 9, "count_fp": "9.00", "created_time": "2026-02-11T20:51:45.053546Z", "no_price": 83, "no_price_dollars": "0.8300", "price": 0.17, "taker_side": "yes", "ticker": "KXINX-26FEB11H1600-B6962", "trade_id": "b2c6a6fc-390d-7764-02be-c1d4cc2bd4b6", "yes_price": 17, "yes_price_dollars": "0.1700"}
{"count": 43, "count_fp": "43.00", "created_time": "2026-02-11T20:51:45.053546Z", "no_price": 83, "no_price_dollars": "0.8300", "price": 0.17, "taker_side": "yes", "ticker": "KXINX-26FEB11H1600-B6962", "trade_id": "07f28cfb-7978-76d1-225e-9ace1bb796cb", "yes_price": 17, "yes_price_dollars": "0.1700"}
{"count": 29, "count_fp": "29.00", "created_time": "2026-02-11T20:50:33.471195Z", "no_price": 75, "no_price_dollars": "0.7500", "price": 0.25, "taker_side": "yes", "ticker": "KXINX-26FEB11H1600-B6962", "trade_id": "2604e9d3-aa9f-5c02-0dfe-e1ad1b955760", "yes_price": 25, "yes_price_dollars": "0.2500"}
{"count": 29, "count_fp": "29.00", "created_time": "2026-02-11T20:50:25.837603Z", "no_price": 69, "no_price_dollars": "0.6900", "price": 0.31, "taker_side": "no", "ticker": "KXINX-26FEB11H1600-B6962", "trade_id": "1b22e1b8-9e49-52d1-f363-ba679fc341f1", "yes_price": 31, "yes_price_dollars": "0.3100"}
{"count": 18, "count_fp": "18.00", "created_time": "2026-02-11T20:50:20.107826Z", "no_price": 67, "no_price_dollars": "0.6700", "price": 0.33, "taker_side": "no", "ticker": "KXINX-26FEB11H1600-B6962", "trade_id": "4b82d254-13c1-582f-d134-57dd052816ed", "yes_price": 33, "yes_price_dollars": "0.3300"}
{"count": 29, "count_fp": "29.00", "created_time": "2026-02-11T20:50:11.627559Z", "no_price": 73, "no_price_dollars": "0.7300", "price": 0.27, "taker_side": "yes", "ticker": "KXINX-26FEB11H1600-B6962", "trade_id": "95ce9c47-c8a7-5c76-0b79-eba993b64647", "yes_price": 27, "yes_price_dollars": "0.2700"}
{"count": 29, "count_fp": "29.00", "created_time": "2026-02-11T20:50:08.609353Z", "no_price": 68, "no_price_dollars": "0.6800", "price": 0.32, "taker_side": "no", "ticker": "KXINX-26FEB11H1600-B6962", "trade_id": "a5778df1-0007-5ddd-c435-e8995ac0cb03", "yes_price": 32, "yes_price_dollars": "0.3200"}
{"count": 17, "count_fp": "17.00", "created_time": "2026-02-11T20:50:07.22935Z", "no_price": 64, "no_price_dollars": "0.6400", "price": 0.36, "taker_side": "no", "ticker": "KXINX-26FEB11H1600-B6962", "trade_id": "047f41f1-59f0-5a9f-c416-07ca77ec13ca", "yes_price": 36, "yes_price_dollars": "0.3600"}
{"count": 3, "count_fp": "3.00", "created_time": "2026-02-11T20:49:40.845318Z", "no_price": 44, "no_price_dollars": "0.4400", "price": 0.56, "taker_side": "yes", "ticker": "KXINX-26FEB11H1600-B6962", "trade_id": "2912a3d8-d9ca-63c2-db89-57cea0628bb4", "yes_price": 56, "yes_price_dollars": "0.5600"}
{"count": 29, "count_fp": "29.00", "created_time": "2026-02-11T20:49:11.003816Z", "no_price": 57, "no_price_dollars": "0.5700", "price": 0.43, "taker_side": "yes", "ticker": "KXINX-26FEB11H1600-B6962", "trade_id": "db666272-14b8-6333-b9ed-bd43f00a6614", "yes_price": 43, "yes_price_dollars": "0.4300"}
{"count": 29, "count_fp": "29.00", "created_time": "2026-02-11T20:49:06.780056Z", "no_price": 52, "no_price_dollars": "0.5200", "price": 0.48, "taker_side": "no", "ticker": "KXINX-26FEB11H1600-B6962", "trade_id": "b5bcd9d3-9e0e-53b6-fc2e-2af30d89c689", "yes_price": 48, "yes_price_dollars": "0.4800"}
{"count": 4, "count_fp": "4.00", "created_time": "2026-02-11T20:48:16.685679Z", "no_price": 67, "no_price_dollars": "0.6700", "price": 0.33, "taker_side": "yes", "ticker": "KXINX-26FEB11H1600-B6962", "trade_id": "bc14ca5f-1ecb-64be-8868-fe621639c85f", "yes_price": 33, "yes_price_dollars": "0.3300"}
{"count": 12, "count_fp": "12.00", "created_time": "2026-02-11T20:48:16.685679Z", "no_price": 67, "no_price_dollars": "0.6700", "price": 0.33, "taker_side": "yes", "ticker": "KXINX-26FEB11H1600-B6962", "trade_id": "725f12f8-1170-632b-be52-8e9245471968", "yes_price": 33, "yes_price_dollars": "0.3300"}
{"count": 4, "count_fp": "4.00", "created_time": "2026-02-11T20:47:01.901296Z", "no_price": 66, "no_price_dollars": "0.6600", "price": 0.34, "taker_side": "yes", "ticker": "KXINX-26FEB11H1600-B6962", "trade_id": "bd238434-3423-64e8-a56b-8553100d8f68", "yes_price": 34, "yes_price_dollars": "0.3400"}
{"count": 8, "count_fp": "8.00", "created_time": "2026-02-11T20:46:47.116853Z", "no_price": 70, "no_price_dollars": "0.7000", "price": 0.3, "taker_side": "no", "ticker": "KXINX-26FEB11H1600-B6962", "trade_id": "4becc6e8-5a5e-4967-47eb-419a6e57e4c7", "yes_price": 30, "yes_price_dollars": "0.3000"}
{"count": 5, "count_fp": "5.00", "created_time": "2026-02-11T20:46:11.969236Z", "no_price": 68, "no_price_dollars": "0.6800", "price": 0.32, "taker_side": "yes", "ticker": "KXINX-26FEB11H1600-B6962", "trade_id": "442d635b-1796-647e-ae02-1a1715a28568", "yes_price": 32, "yes_price_dollars": "0.3200"}
{"count": 12, "count_fp": "12.00", "created_time": "2026-02-11T20:45:48.137993Z", "no_price": 62, "no_price_dollars": "0.6200", "price": 0.38, "taker_side": "yes", "ticker": "KXINX-26FEB11H1600-B6962", "trade_id": "1d110dc7-0ada-748a-23d6-54e2e8924e64", "yes_price": 38, "yes_price_dollars": "0.3800"}
{"count": 29, "count_fp": "29.00", "created_time": "2026-02-11T20:45:18.291451Z", "no_price": 62, "no_price_dollars": "0.6200", "price": 0.38, "taker_side": "no", "ticker": "KXINX-26FEB11H1600-B6962", "trade_id": "cc1da2ae-2c7b-5142-a697-a01632b9b1dd", "yes_price": 38, "yes_price_dollars": "0.3800"}
{"count": 16, "count_fp": "16.00", "created_time": "2026-02-11T20:44:38.685149Z", "no_price": 71, "no_price_dollars": "0.7100", "price": 0.29, "taker_side": "no", "ticker": "KXINX-26FEB11H1600-B6962", "trade_id": "44c66ba1-f1eb-5191-8c89-e1c1aa07a2c3", "yes_price": 29, "yes_price_dollars": "0.2900"}
{"count": 58, "count_fp": "58.00", "created_time": "2026-02-11T20:42:20.081501Z", "no_price": 63, "no_price_dollars": "0.6300", "price": 0.37, "taker_side": "no", "ticker": "KXINX-26FEB11H1600-B6962", "trade_id": "eaf1c57e-b958-5c13-c687-a9880d0fa8b7", "yes_price": 37, "yes_price_dollars": "0.3700"}
{"count": 27, "count_fp": "27.00", "created_time": "2026-02-11T20:42:00.236029Z", "no_price": 62, "no_price_dollars": "0.6200", "price": 0.38, "taker_side": "no", "ticker": "KXINX-26FEB11H1600-B6962", "trade_id": "39d19e50-07c5-5f0f-ad16-e10ab79cfaf6", "yes_price": 38, "yes_price_dollars": "0.3800"}
{"count": 29, "count_fp": "29.00", "created_time": "2026-02-11T20:41:04.350783Z", "no_price": 49, "no_price_dollars": "0.4900", "price": 0.51, "taker_side": "yes", "ticker": "KXINX-26FEB11H1600-B6962", "trade_id": "dc0be8d3-93d2-5b5b-98f9-ddf7f60f5e8c", "yes_price": 51, "yes_price_dollars": "0.5100"}
{"count": 29, "count_fp": "29.00", "created_time": "2026-02-11T20:41:04.28502Z", "no_price": 49, "no_price_dollars": "0.4900", "price": 0.51, "taker_side": "no", "ticker": "KXINX-26FEB11H1600-B6962", "trade_id": "3bb52c21-e0c4-5ec4-95fe-bff10c614dc7", "yes_price": 51, "yes_price_dollars": "0.5100"}
{"count": 21, "count_fp": "21.00", "created_time": "2026-02-11T20:41:00.849663Z", "no_price": 48, "no_price_dollars": "0.4800", "price": 0.52, "taker_side": "no", "ticker": "KXINX-26FEB11H1600-B6962", "trade_id": "1a9890d0-6e20-5369-9751-3f9625b28a3d", "yes_price": 52, "yes_price_dollars": "0.5200"}
{"count": 29, "count_fp": "29.00", "created_time": "2026-02-11T20:40:36.53357Z", "no_price": 60, "no_price_dollars": "0.6000", "price": 0.4, "taker_side": "yes", "ticker": "KXINX-26FEB11H1600-B6962", "trade_id": "0631778f-f238-5bbc-c95e-d9544b545352", "yes_price": 40, "yes_price_dollars": "0.4000"}
{"count": 29, "count_fp": "29.00", "created_time": "2026-02-11T20:40:13.118717Z", "no_price": 64, "no_price_dollars": "0.6400", "price": 0.36, "taker_side": "no", "ticker": "KXINX-26FEB11H1600-B6962", "trade_id": "35f42de7-33d7-5a8a-b868-bb97ccc85e66", "yes_price": 36, "yes_price_dollars": "0.3600"}
{"count": 948, "count_fp": "948.00", "created_time": "2026-02-11T20:39:35.615598Z", "no_price": 68, "no_price_dollars": "0.6800", "price": 0.32, "taker_side": "no", "ticker": "KXINX-26FEB11H1600-B6962", "trade_id": "fec2341c-3ab2-588a-9c40-3083c4471c3a", "yes_price": 32, "yes_price_dollars": "0.3200"}
{"count": 52, "count_fp": "52.00", "created_time": "2026-02-11T20:39:31.921253Z", "no_price": 68, "no_price_dollars": "0.6800", "price": 0.32, "taker_side": "yes", "ticker": "KXINX-26FEB11H1600-B6962", "trade_id": "f09d89aa-1340-77dd-1cef-94de05c2a0cc", "yes_price": 32, "yes_price_dollars": "0.3200"}
{"count": 28, "count_fp": "28.00", "created_time": "2026-02-11T20:37:46.924059Z", "no_price": 74, "no_price_dollars": "0.7400", "price": 0.26, "taker_side": "no", "ticker": "KXINX-26FEB11H1600-B6962", "trade_id": "de4b3c45-376e-5394-ade7-3040b5cdaa86", "yes_price": 26, "yes_price_dollars": "0.2600"}
{"count": 29, "count_fp": "29.00", "created_time": "2026-02-11T20:37:46.924059Z", "no_price": 74, "no_price_dollars": "0.7400", "price": 0.26, "taker_side": "no", "ticker": "KXINX-26FEB11H1600-B6962", "trade_id": "14e3c750-c3c9-5fa0-ab7e-5a8ea2603990", "yes_price": 26, "yes_price_dollars": "0.2600"}
{"count": 29, "count_fp": "29.00", "created_time": "2026-02-11T20:37:28.412702Z", "no_price": 74, "no_price_dollars": "0.7400", "price": 0.26, "taker_side": "yes", "ticker": "KXINX-26FEB11H1600-B6962", "trade_id": "22d925be-0170-7381-27cb-21c5741289db", "yes_price": 26, "yes_price_dollars": "0.2600"}
{"count": 29, "count_fp": "29.00", "created_time": "2026-02-11T20:37:23.960523Z", "no_price": 75, "no_price_dollars": "0.7500", "price": 0.25, "taker_side": "yes", "ticker": "KXINX-26FEB11H1600-B6962", "trade_id": "479c4b2f-9dd2-73bf-059d-21d5e51ff0f0", "yes_price": 25, "yes_price_dollars": "0.2500"}
{"count": 58, "count_fp": "58.00", "created_time": "2026-02-11T20:36:59.288906Z", "no_price": 76, "no_price_dollars": "0.7600", "price": 0.24, "taker_side": "no", "ticker": "KXINX-26FEB11H1600-B6962", "trade_id": "26424823-9ce9-5a80-bc27-8a276ca71e2e", "yes_price": 24, "yes_price_dollars": "0.2400"}
{"count": 29, "count_fp": "29.00", "created_time": "2026-02-11T20:36:58.525059Z", "no_price": 75, "no_price_dollars": "0.7500", "price": 0.25, "taker_side": "no", "ticker": "KXINX-26FEB11H1600-B6962", "trade_id": "18eca1f7-a346-561f-8121-08f646b0f2ce", "yes_price": 25, "yes_price_dollars": "0.2500"}
{"count": 9, "count_fp": "9.00", "created_time": "2026-02-11T20:36:41.625903Z", "no_price": 82, "no_price_dollars": "0.8200", "price": 0.18, "taker_side": "yes", "ticker": "KXINX-26FEB11H1600-B6962", "trade_id": "1ea71286-fba2-7f0b-3e52-7a6c1336ef73", "yes_price": 18, "yes_price_dollars": "0.1800"}
{"count": 23, "count_fp": "23.00", "created_time": "2026-02-11T20:36:08.025481Z", "no_price": 81, "no_price_dollars": "0.8100", "price": 0.19, "taker_side": "yes", "ticker": "KXINX-26FEB11H1600-B6962", "trade_id": "93b32e0e-1f64-7b94-13ac-f105fa6f988f", "yes_price": 19, "yes_price_dollars": "0.1900"}
{"count": 8, "count_fp": "8.00", "created_time": "2026-02-11T20:35:44.068167Z", "no_price": 83, "no_price_dollars": "0.8300", "price": 0.17, "taker_side": "yes", "ticker": "KXINX-26FEB11H1600-B6962", "trade_id": "6fc97bdb-fea2-4c8a-2a10-ccd5dae2f900", "yes_price": 17, "yes_price_dollars": "0.1700"}
{"count": 262, "count_fp": "262.00", "created_time": "2026-02-11T20:35:44.068167Z", "no_price": 83, "no_price_dollars": "0.8300", "price": 0.17, "taker_side": "yes", "ticker": "KXINX-26FEB11H1600-B6962", "trade_id": "5f6fa40f-a95a-40e3-140a-7b91bfd1b24c", "yes_price": 17, "yes_price_dollars": "0.1700"}
{"count": 9, "count_fp": "9.00", "created_time": "2026-02-11T20:35:05.962844Z", "no_price": 84, "no_price_dollars": "0.8400", "price": 0.16, "taker_side": "yes", "ticker": "KXINX-26FEB11H1600-B6962", "trade_id": "705e28e6-19c0-7a9f-0768-49ccab67fc76", "yes_price": 16, "yes_price_dollars": "0.1600"}
{"count": 31, "count_fp": "31.00", "created_time": "2026-02-11T20:35:05.962844Z", "no_price": 84, "no_price_dollars": "0.8400", "price": 0.16, "taker_side": "yes", "ticker": "KXINX-26FEB11H1600-B6962", "trade_id": "5576cace-78bf-7036-3d47-e0822aed9d1b", "yes_price": 16, "yes_price_dollars": "0.1600"}
{"count": 13, "count_fp": "13.00", "created_time": "2026-02-11T20:35:05.901965Z", "no_price": 85, "no_price_dollars": "0.8500", "price": 0.15, "taker_side": "yes", "ticker": "KXINX-26FEB11H1600-B6962", "trade_id": "adaed637-744c-7630-1763-f84e3975a6a1", "yes_price": 15, "yes_price_dollars": "0.1500"}
{"count": 555, "count_fp": "555.00", "created_time": "2026-02-11T20:33:58.770826Z", "no_price": 85, "no_price_dollars": "0.8500", "price": 0.15, "taker_side": "no", "ticker": "KXINX-26FEB11H1600-B6962", "trade_id": "601ad07b-078f-6651-0700-5cef7ac93fc5", "yes_price": 15, "yes_price_dollars": "0.1500"}
{"count": 18, "count_fp": "18.00", "created_time": "2026-02-11T20:33:58.770826Z", "no_price": 84, "no_price_dollars": "0.8400", "price": 0.16, "taker_side": "no", "ticker": "KXINX-26FEB11H1600-B6962", "trade_id": "0df205c4-478a-69cf-191f-1f48cdd51e28", "yes_price": 16, "yes_price_dollars": "0.1600"}
{"count": 8, "count_fp": "8.00", "created_time": "2026-02-11T20:33:05.772123Z", "no_price": 79, "no_price_dollars": "0.7900", "price": 0.21, "taker_side": "yes", "ticker": "KXINX-26FEB11H1600-B6962", "trade_id": "90663513-262c-5ca0-57b8-106cafac7229", "yes_price": 21, "yes_price_dollars": "0.2100"}
{"count": 29, "count_fp": "29.00", "created_time": "2026-02-11T20:32:42.33058Z", "no_price": 74, "no_price_dollars": "0.7400", "price": 0.26, "taker_side": "yes", "ticker": "KXINX-26FEB11H1600-B6962", "trade_id": "4d912d47-294e-56af-608e-42a5514bd088", "yes_price": 26, "yes_price_dollars": "0.2600"}
{"count": 3, "count_fp": "3.00", "created_time": "2026-02-11T20:32:15.915745Z", "no_price": 78, "no_price_dollars": "0.7800", "price": 0.22, "taker_side": "no", "ticker": "KXINX-26FEB11H1600-B6962", "trade_id": "31d32e58-4e66-5f19-7479-8ecc112ebd0f", "yes_price": 22, "yes_price_dollars": "0.2200"}
{"count": 61, "count_fp": "61.00", "created_time": "2026-02-11T20:31:55.682199Z", "no_price": 81, "no_price_dollars": "0.8100", "price": 0.19, "taker_side": "yes", "ticker": "KXINX-26FEB11H1600-B6962", "trade_id": "87339d03-f0a4-7a14-3d83-e6cc75191483", "yes_price": 19, "yes_price_dollars": "0.1900"}
{"count": 29, "count_fp": "29.00", "created_time": "2026-02-11T20:29:32.903358Z", "no_price": 74, "no_price_dollars": "0.7400", "price": 0.26, "taker_side": "no", "ticker": "KXINX-26FEB11H1600-B6962", "trade_id": "403979cf-b3d7-59fa-4854-672a20f60e06", "yes_price": 26, "yes_price_dollars": "0.2600"}
{"count": 29, "count_fp": "29.00", "created_time": "2026-02-11T20:29:30.648577Z", "no_price": 70, "no_price_dollars": "0.7000", "price": 0.3, "taker_side": "no", "ticker": "KXINX-26FEB11H1600-B6962", "trade_id": "5fd6b722-cd97-5daa-a383-7025d0b58b06", "yes_price": 30, "yes_price_dollars": "0.3000"}
{"count": 29, "count_fp": "29.00", "created_time": "2026-02-11T20:27:03.4486Z", "no_price": 59, "no_price_dollars": "0.5900", "price": 0.41, "taker_side": "no", "ticker": "KXINX-26FEB11H1600-B6962", "trade_id": "62472c10-f4d2-528f-9ea7-9bd0d3dfd375", "yes_price": 41, "yes_price_dollars": "0.4100"}
{"count": 29, "count_fp": "29.00", "created_time": "2026-02-11T20:26:44.049663Z", "no_price": 62, "no_price_dollars": "0.6200", "price": 0.38, "taker_side": "no", "ticker": "KXINX-26FEB11H1600-B6962", "trade_id": "40e2e3bf-9e7b-5b9d-b88c-67d2aec16116", "yes_price": 38, "yes_price_dollars": "0.3800"}
{"count": 29, "count_fp": "29.00", "created_time": "2026-02-11T20:26:44.027806Z", "no_price": 62, "no_price_dollars": "0.6200", "price": 0.38, "taker_side": "no", "ticker": "KXINX-26FEB11H1600-B6962", "trade_id": "abeae03d-e6cf-79e9-0796-32fecfdb193a", "yes_price": 38, "yes_price_dollars": "0.3800"}
{"count": 3, "count_fp": "3.00", "created_time": "2026-02-11T20:26:27.096132Z", "no_price": 60, "no_price_dollars": "0.6000", "price": 0.4, "taker_side": "no", "ticker": "KXINX-26FEB11H1600-B6962", "trade_id": "58b43e87-b2b6-6700-9270-14dd3e18673f", "yes_price": 40, "yes_price_dollars": "0.4000"}
{"count": 7, "count_fp": "7.00", "created_time": "2026-02-11T20:26:27.096132Z", "no_price": 63, "no_price_dollars": "0.6300", "price": 0.37, "taker_side": "no", "ticker": "KXINX-26FEB11H1600-B6962", "trade_id": "28a738d9-ffab-6759-bb71-5dbb719a23e2", "yes_price": 37, "yes_price_dollars": "0.3700"}
{"count": 29, "count_fp": "29.00", "created_time": "2026-02-11T20:26:24.807181Z", "no_price": 58, "no_price_dollars": "0.5800", "price": 0.42, "taker_side": "no", "ticker": "KXINX-26FEB11H1600-B6962", "trade_id": "f869f6af-cf0b-5cd2-a6dd-82843e3c47bf", "yes_price": 42, "yes_price_dollars": "0.4200"}
{"count": 5, "count_fp": "5.00", "created_time": "2026-02-11T20:25:04.94851Z", "no_price": 58, "no_price_dollars": "0.5800", "price": 0.42, "taker_side": "yes", "ticker": "KXINX-26FEB11H1600-B6962", "trade_id": "69e2c861-84ce-7e64-4b56-8e5959cba541", "yes_price": 42, "yes_price_dollars": "0.4200"}
{"count": 881, "count_fp": "881.00", "created_time": "2026-02-11T20:23:44.885113Z", "no_price": 63, "no_price_dollars": "0.6300", "price": 0.37, "taker_side": "no", "ticker": "KXINX-26FEB11H1600-B6962", "trade_id": "9662298f-7ca7-69f5-6eb2-1e3580228a26", "yes_price": 37, "yes_price_dollars": "0.3700"}
{"count": 29, "count_fp": "29.00", "created_time": "2026-02-11T20:23:06.370748Z", "no_price": 63, "no_price_dollars": "0.6300", "price": 0.37, "taker_side": "yes", "ticker": "KXINX-26FEB11H1600-B6962", "trade_id": "1edd8fd4-f856-5837-8f31-fb7612800564", "yes_price": 37, "yes_price_dollars": "0.3700"}
{"count": 29, "count_fp": "29.00", "created_time": "2026-02-11T20:22:49.487676Z", "no_price": 67, "no_price_dollars": "0.6700", "price": 0.33, "taker_side": "no", "ticker": "KXINX-26FEB11H1600-B6962", "trade_id": "1cbebf15-8d7b-7ef9-a22a-d209aa90b7fe", "yes_price": 33, "yes_price_dollars": "0.3300"}
{"count": 29, "count_fp": "29.00", "created_time": "2026-02-11T20:22:49.448004Z", "no_price": 67, "no_price_dollars": "0.6700", "price": 0.33, "taker_side": "yes", "ticker": "KXINX-26FEB11H1600-B6962", "trade_id": "d41e2c66-25e9-7b1a-7885-f80ad94dcead", "yes_price": 33, "yes_price_dollars": "0.3300"}
{"count": 29, "count_fp": "29.00", "created_time": "2026-02-11T20:22:28.071686Z", "no_price": 67, "no_price_dollars": "0.6700", "price": 0.33, "taker_side": "no", "ticker": "KXINX-26FEB11H1600-B6962", "trade_id": "0a1f9475-a319-5c00-9680-e51b6cbee8dd", "yes_price": 33, "yes_price_dollars": "0.3300"}
{"count": 29, "count_fp": "29.00", "created_time": "2026-02-11T20:22:10.852905Z", "no_price": 67, "no_price_dollars": "0.6700", "price": 0.33, "taker_side": "no", "ticker": "KXINX-26FEB11H1600-B6962", "trade_id": "8c63a788-08a7-734d-bfb9-b654aa23f476", "yes_price": 33, "yes_price_dollars": "0.3300"}
{"count": 29, "count_fp": "29.00", "created_time": "2026-02-11T20:22:00.417226Z", "no_price": 61, "no_price_dollars": "0.6100", "price": 0.39, "taker_side": "no", "ticker": "KXINX-26FEB11H1600-B6962", "trade_id": "1bbbab5a-964f-5789-99f6-00ef58e31468", "yes_price": 39, "yes_price_dollars": "0.3900"}
{"count": 35, "count_fp": "35.00", "created_time": "2026-02-11T20:18:56.340036Z", "no_price": 57, "no_price_dollars": "0.5700", "price": 0.43, "taker_side": "yes", "ticker": "KXINX-26FEB11H1600-B6962", "trade_id": "8dd07622-82fd-7f46-632c-58ea6f6d08b5", "yes_price": 43, "yes_price_dollars": "0.4300"}
{"count": 3, "count_fp": "3.00", "created_time": "2026-02-11T20:18:56.227794Z", "no_price": 58, "no_price_dollars": "0.5800", "price": 0.42, "taker_side": "yes", "ticker": "KXINX-26FEB11H1600-B6962", "trade_id": "931fc879-3f46-74b1-4594-f922a2ba812d", "yes_price": 42, "yes_price_dollars": "0.4200"}
{"count": 3, "count_fp": "3.00", "created_time": "2026-02-11T20:16:16.243814Z", "no_price": 44, "no_price_dollars": "0.4400", "price": 0.56, "taker_side": "no", "ticker": "KXINX-26FEB11H1600-B6962", "trade_id": "0ce9530a-9a24-790d-cb27-3bbbeabd0b42", "yes_price": 56, "yes_price_dollars": "0.5600"}
{"count": 3, "count_fp": "3.00", "created_time": "2026-02-11T20:16:03.523061Z", "no_price": 45, "no_price_dollars": "0.4500", "price": 0.55, "taker_side": "yes", "ticker": "KXINX-26FEB11H1600-B6962", "trade_id": "a76b506d-2d9e-75af-7116-fb2cf817d343", "yes_price": 55, "yes_price_dollars": "0.5500"}
{"count": 3, "count_fp": "3.00", "created_time": "2026-02-11T20:10:47.05855Z", "no_price": 56, "no_price_dollars": "0.5600", "price": 0.44, "taker_side": "no", "ticker": "KXINX-26FEB11H1600-B6962", "trade_id": "4c0a9f39-4ece-5a0a-9185-fe0a99dafc1f", "yes_price": 44, "yes_price_dollars": "0.4400"}
{"count": 29, "count_fp": "29.00", "created_time": "2026-02-11T20:07:01.550146Z", "no_price": 54, "no_price_dollars": "0.5400", "price": 0.46, "taker_side": "yes", "ticker": "KXINX-26FEB11H1600-B6962", "trade_id": "fd997496-93a6-7a33-7090-63f6aefeaab4", "yes_price": 46, "yes_price_dollars": "0.4600"}
{"count": 29, "count_fp": "29.00", "created_time": "2026-02-11T20:06:48.880627Z", "no_price": 51, "no_price_dollars": "0.5100", "price": 0.49, "taker_side": "no", "ticker": "KXINX-26FEB11H1600-B6962", "trade_id": "bb3dd3e9-5b29-586a-b1a5-67ff815ff1b1", "yes_price": 49, "yes_price_dollars": "0.4900"}
{"count": 3, "count_fp": "3.00", "created_time": "2026-02-11T20:06:48.069191Z", "no_price": 50, "no_price_dollars": "0.5000", "price": 0.5, "taker_side": "no", "ticker": "KXINX-26FEB11H1600-B6962", "trade_id": "b3efcc77-2a37-5123-9ca1-dfe765552792", "yes_price": 50, "yes_price_dollars": "0.5000"}
{"count": 11, "count_fp": "11.00", "created_time": "2026-02-11T20:06:38.381973Z", "no_price": 47, "no_price_dollars": "0.4700", "price": 0.53, "taker_side": "yes", "ticker": "KXINX-26FEB11H1600-B6962", "trade_id": "f2f4306f-e1d2-6c57-44f7-05914926ff14", "yes_price": 53, "yes_price_dollars": "0.5300"}
{"count": 1000, "count_fp": "1000.00", "created_time": "2026-02-11T19:45:57.762193Z", "no_price": 55, "no_price_dollars": "0.5500", "price": 0.45, "taker_side": "no", "ticker": "KXINX-26FEB11H1600-B6962", "trade_id": "a1acb5b8-4cb3-5700-085c-5254ebc2b0ca", "yes_price": 45, "yes_price_dollars": "0.4500"}
{"count": 15, "count_fp": "15.00", "created_time": "2026-02-11T19:45:49.818652Z", "no_price": 44, "no_price_dollars": "0.4400", "price": 0.56, "taker_side": "no", "ticker": "KXINX-26FEB11H1600-B6962", "trade_id": "ea3a02ab-66ff-7396-1b65-a61a5156a50c", "yes_price": 56, "yes_price_dollars": "0.5600"}
{"count": 3, "count_fp": "3.00", "created_time": "2026-02-11T19:29:30.630629Z", "no_price": 38, "no_price_dollars": "0.3800", "price": 0.62, "taker_side": "no", "ticker": "KXINX-26FEB11H1600-B6962", "trade_id": "780a3a4b-3449-6758-61aa-04a1d9555624", "yes_price": 62, "yes_price_dollars": "0.6200"}
{"count": 481, "count_fp": "481.00", "created_time": "2026-02-11T19:27:50.224801Z", "no_price": 37, "no_price_dollars": "0.3700", "price": 0.63, "taker_side": "yes", "ticker": "KXINX-26FEB11H1600-B6962", "trade_id": "b5da8079-ee4f-42fd-9b09-ec272a4b97a1", "yes_price": 63, "yes_price_dollars": "0.6300"}
{"count": 19, "count_fp": "19.00", "created_time": "2026-02-11T19:27:20.191925Z", "no_price": 36, "no_price_dollars": "0.3600", "price": 0.64, "taker_side": "no", "ticker": "KXINX-26FEB11H1600-B6962", "trade_id": "ed9c216d-9049-564b-e471-3671f2c0422c", "yes_price": 64, "yes_price_dollars": "0.6400"}
{"count": 579, "count_fp": "579.00", "created_time": "2026-02-11T19:21:01.071093Z", "no_price": 37, "no_price_dollars": "0.3700", "price": 0.63, "taker_side": "yes", "ticker": "KXINX-26FEB11H1600-B6962", "trade_id": "663c8cc7-1326-6952-4136-2219ec719f50", "yes_price": 63, "yes_price_dollars": "0.6300"}
{"count": 302, "count_fp": "302.00", "created_time": "2026-02-11T19:20:34.832896Z", "no_price": 38, "no_price_dollars": "0.3800", "price": 0.62, "taker_side": "yes", "ticker": "KXINX-26FEB11H1600-B6962", "trade_id": "42a478e3-485a-6076-157d-f37efabad6d0", "yes_price": 62, "yes_price_dollars": "0.6200"}
{"count": 59, "count_fp": "59.00", "created_time": "2026-02-11T19:13:12.877526Z", "no_price": 44, "no_price_dollars": "0.4400", "price": 0.56, "taker_side": "yes", "ticker": "KXINX-26FEB11H1600-B6962", "trade_id": "e6623cac-7616-6c3a-96be-83c2da3a3a1c", "yes_price": 56, "yes_price_dollars": "0.5600"}
{"count": 24, "count_fp": "24.00", "created_time": "2026-02-11T19:13:12.877526Z", "no_price": 47, "no_price_dollars": "0.4700", "price": 0.53, "taker_side": "yes", "ticker": "KXINX-26FEB11H1600-B6962", "trade_id": "95844a35-44b0-6f74-a2ba-3eb736e217bd", "yes_price": 53, "yes_price_dollars": "0.5300"}
{"count": 4, "count_fp": "4.00", "created_time": "2026-02-11T19:13:12.877526Z", "no_price": 45, "no_price_dollars": "0.4500", "price": 0.55, "taker_side": "yes", "ticker": "KXINX-26FEB11H1600-B6962", "trade_id": "86765f13-790e-6982-b5a8-9e792935797d", "yes_price": 55, "yes_price_dollars": "0.5500"}
{"count": 111, "count_fp": "111.00", "created_time": "2026-02-11T19:10:45.627464Z", "no_price": 57, "no_price_dollars": "0.5700", "price": 0.43, "taker_side": "yes", "ticker": "KXINX-26FEB11H1600-B6962", "trade_id": "39aa44ba-2126-470e-f7ec-5cd27236c640", "yes_price": 43, "yes_price_dollars": "0.4300"}
{"count": 33, "count_fp": "33.00", "created_time": "2026-02-11T19:01:32.57409Z", "no_price": 58, "no_price_dollars": "0.5800", "price": 0.42, "taker_side": "no", "ticker": "KXINX-26FEB11H1600-B6962", "trade_id": "ffb5ff75-b7c1-5da9-4a92-ae3fbf068f2d", "yes_price": 42, "yes_price_dollars": "0.4200"}
{"count": 10, "count_fp": "10.00", "created_time": "2026-02-11T19:00:26.40958Z", "no_price": 56, "no_price_dollars": "0.5600", "price": 0.44, "taker_side": "no", "ticker": "KXINX-26FEB11H1600-B6962", "trade_id": "2bb73ee4-835d-45a1-34df-e8ec55b3481a", "yes_price": 44, "yes_price_dollars": "0.4400"}
{"count": 10, "count_fp": "10.00", "created_time": "2026-02-11T18:59:34.978196Z", "no_price": 52, "no_price_dollars": "0.5200", "price": 0.48, "taker_side": "yes", "ticker": "KXINX-26FEB11H1600-B6962", "trade_id": "94cd666a-a0a2-6f93-2a89-6c071571497c", "yes_price": 48, "yes_price_dollars": "0.4800"}
{"count": 19, "count_fp": "19.00", "created_time": "2026-02-11T18:53:07.951719Z", "no_price": 58, "no_price_dollars": "0.5800", "price": 0.42, "taker_side": "no", "ticker": "KXINX-26FEB11H1600-B6962", "trade_id": "17dda72a-9d4b-6d8b-d09b-59e2324ab43f", "yes_price": 42, "yes_price_dollars": "0.4200"}
{"count": 50, "count_fp": "50.00", "created_time": "2026-02-11T18:29:50.180804Z", "no_price": 56, "no_price_dollars": "0.5600", "price": 0.44, "taker_side": "yes", "ticker": "KXINX-26FEB11H1600-B6962", "trade_id": "7de6c466-6b7d-51ac-fb6c-b61037171066", "yes_price": 44, "yes_price_dollars": "0.4400"}
{"count": 3, "count_fp": "3.00", "created_time": "2026-02-11T18:14:09.466579Z", "no_price": 69, "no_price_dollars": "0.6900", "price": 0.31, "taker_side": "yes", "ticker": "KXINX-26FEB11H1600-B6962", "trade_id": "6c54a38a-e465-4b3a-651f-59a214e6db07", "yes_price": 31, "yes_price_dollars": "0.3100"}
{"count": 100, "count_fp": "100.00", "created_time": "2026-02-11T18:11:23.129972Z", "no_price": 74, "no_price_dollars": "0.7400", "price": 0.26, "taker_side": "no", "ticker": "KXINX-26FEB11H1600-B6962", "trade_id": "49de499d-cda6-7b9d-8b09-cf235fa4e14c", "yes_price": 26, "yes_price_dollars": "0.2600"}
{"count": 15, "count_fp": "15.00", "created_time": "2026-02-11T18:05:49.367422Z", "no_price": 62, "no_price_dollars": "0.6200", "price": 0.38, "taker_side": "no", "ticker": "KXINX-26FEB11H1600-B6962", "trade_id": "c30c5bce-f593-7339-8691-17e6f98978d9", "yes_price": 38, "yes_price_dollars": "0.3800"}
{"count": 79, "count_fp": "79.00", "created_time": "2026-02-11T18:05:49.367422Z", "no_price": 63, "no_price_dollars": "0.6300", "price": 0.37, "taker_side": "no", "ticker": "KXINX-26FEB11H1600-B6962", "trade_id": "6b849bcb-64a2-7285-9005-36ab5d69c664", "yes_price": 37, "yes_price_dollars": "0.3700"}
{"count": 4, "count_fp": "4.00", "created_time": "2026-02-11T17:57:09.922161Z", "no_price": 53, "no_price_dollars": "0.5300", "price": 0.47, "taker_side": "yes", "ticker": "KXINX-26FEB11H1600-B6962", "trade_id": "8af0ac5b-c722-52f1-7848-943786fa75f8", "yes_price": 47, "yes_price_dollars": "0.4700"}
{"count": 3, "count_fp": "3.00", "created_time": "2026-02-11T17:52:50.771327Z", "no_price": 47, "no_price_dollars": "0.4700", "price": 0.53, "taker_side": "yes", "ticker": "KXINX-26FEB11H1600-B6962", "trade_id": "7f388a28-6c44-58f0-5d26-c896ea8c7089", "yes_price": 53, "yes_price_dollars": "0.5300"}
{"count": 73, "count_fp": "73.00", "created_time": "2026-02-11T17:47:52.602624Z", "no_price": 47, "no_price_dollars": "0.4700", "price": 0.53, "taker_side": "yes", "ticker": "KXINX-26FEB11H1600-B6962", "trade_id": "911068c6-8408-768c-03be-4967f9aa461d", "yes_price": 53, "yes_price_dollars": "0.5300"}
{"count": 9, "count_fp": "9.00", "created_time": "2026-02-11T17:47:52.602624Z", "no_price": 55, "no_price_dollars": "0.5500", "price": 0.45, "taker_side": "yes", "ticker": "KXINX-26FEB11H1600-B6962", "trade_id": "85065aae-addf-712c-149a-ffc3e4e82ddc", "yes_price": 45, "yes_price_dollars": "0.4500"}
{"count": 12, "count_fp": "12.00", "created_time": "2026-02-11T17:47:52.602624Z", "no_price": 47, "no_price_dollars": "0.4700", "price": 0.53, "taker_side": "yes", "ticker": "KXINX-26FEB11H1600-B6962", "trade_id": "3a47e5d0-2d9d-7079-2679-c06e5eb98724", "yes_price": 53, "yes_price_dollars": "0.5300"}
{"count": 80, "count_fp": "80.00", "created_time": "2026-02-11T17:36:18.157582Z", "no_price": 61, "no_price_dollars": "0.6100", "price": 0.39, "taker_side": "no", "ticker": "KXINX-26FEB11H1600-B6962", "trade_id": "15335ccd-ebea-60fe-5f45-a69a0d1e11e5", "yes_price": 39, "yes_price_dollars": "0.3900"}
{"count": 3, "count_fp": "3.00", "created_time": "2026-02-11T17:32:01.165196Z", "no_price": 55, "no_price_dollars": "0.5500", "price": 0.45, "taker_side": "yes", "ticker": "KXINX-26FEB11H1600-B6962", "trade_id": "7d536f4e-d8d7-4468-9b04-ec7fa61402c4", "yes_price": 45, "yes_price_dollars": "0.4500"}
{"count": 100, "count_fp": "100.00", "created_time": "2026-02-11T17:24:09.199074Z", "no_price": 60, "no_price_dollars": "0.6000", "price": 0.4, "taker_side": "no", "ticker": "KXINX-26FEB11H1600-B6962", "trade_id": "4b895c22-a42a-72ae-a098-7193305f56d9", "yes_price": 40, "yes_price_dollars": "0.4000"}
{"count": 142, "count_fp": "142.00", "created_time": "2026-02-11T17:22:40.737494Z", "no_price": 61, "no_price_dollars": "0.6100", "price": 0.39, "taker_side": "no", "ticker": "KXINX-26FEB11H1600-B6962", "trade_id": "452b9376-32ea-59a6-9661-aedbec8f50f1", "yes_price": 39, "yes_price_dollars": "0.3900"}
{"count": 27, "count_fp": "27.00", "created_time": "2026-02-11T17:20:47.270838Z", "no_price": 62, "no_price_dollars": "0.6200", "price": 0.38, "taker_side": "no", "ticker": "KXINX-26FEB11H1600-B6962", "trade_id": "d16c5ad0-d422-4366-8918-7f258fb30a5e", "yes_price": 38, "yes_price_dollars": "0.3800"}
{"count": 3, "count_fp": "3.00", "created_time": "2026-02-11T17:17:19.861315Z", "no_price": 60, "no_price_dollars": "0.6000", "price": 0.4, "taker_side": "yes", "ticker": "KXINX-26FEB11H1600-B6962", "trade_id": "b3a8a2d4-a3bc-4069-dfe7-bbe9b0b95434", "yes_price": 40, "yes_price_dollars": "0.4000"}
{"count": 1, "count_fp": "1.00", "created_time": "2026-02-11T17:17:07.805967Z", "no_price": 61, "no_price_dollars": "0.6100", "price": 0.39, "taker_side": "yes", "ticker": "KXINX-26FEB11H1600-B6962", "trade_id": "31747cdd-0db5-4437-ddb1-e67c21705ca9", "yes_price": 39, "yes_price_dollars": "0.3900"}
{"count": 7, "count_fp": "7.00", "created_time": "2026-02-11T17:16:52.502768Z", "no_price": 62, "no_price_dollars": "0.6200", "price": 0.38, "taker_side": "yes", "ticker": "KXINX-26FEB11H1600-B6962", "trade_id": "583d442d-b242-476d-df44-dafaf0419aff", "yes_price": 38, "yes_price_dollars": "0.3800"}
{"count": 1, "count_fp": "1.00", "created_time": "2026-02-11T17:14:11.819972Z", "no_price": 62, "no_price_dollars": "0.6200", "price": 0.38, "taker_side": "yes", "ticker": "KXINX-26FEB11H1600-B6962", "trade_id": "3a62480e-420e-7845-ea29-4ab2b96b7bcf", "yes_price": 38, "yes_price_dollars": "0.3800"}
{"count": 8, "count_fp": "8.00", "created_time": "2026-02-11T16:58:44.515263Z", "no_price": 62, "no_price_dollars": "0.6200", "price": 0.38, "taker_side": "no", "ticker": "KXINX-26FEB11H1600-B6962", "trade_id": "6b7d887f-0c9d-4541-b731-6a7161154152", "yes_price": 38, "yes_price_dollars": "0.3800"}
{"count": 1, "count_fp": "1.00", "created_time": "2026-02-11T16:52:41.290843Z", "no_price": 63, "no_price_dollars": "0.6300", "price": 0.37, "taker_side": "no", "ticker": "KXINX-26FEB11H1600-B6962", "trade_id": "58966bef-76a0-47b1-7ca0-3c7877276f3a", "yes_price": 37, "yes_price_dollars": "0.3700"}
{"count": 110, "count_fp": "110.00", "created_time": "2026-02-11T16:46:33.692426Z", "no_price": 58, "no_price_dollars": "0.5800", "price": 0.42, "taker_side": "yes", "ticker": "KXINX-26FEB11H1600-B6962", "trade_id": "ae81f07f-f122-4d50-e930-72e01c55e01f", "yes_price": 42, "yes_price_dollars": "0.4200"}
{"count": 366, "count_fp": "366.00", "created_time": "2026-02-11T16:43:21.815253Z", "no_price": 59, "no_price_dollars": "0.5900", "price": 0.41, "taker_side": "yes", "ticker": "KXINX-26FEB11H1600-B6962", "trade_id": "4c996842-65c6-7754-e5f0-3df8d32d2097", "yes_price": 41, "yes_price_dollars": "0.4100"}
{"count": 97, "count_fp": "97.00", "created_time": "2026-02-11T16:43:21.815253Z", "no_price": 59, "no_price_dollars": "0.5900", "price": 0.41, "taker_side": "yes", "ticker": "KXINX-26FEB11H1600-B6962", "trade_id": "44c28aca-b699-7d73-e0ac-1a683ffae18d", "yes_price": 41, "yes_price_dollars": "0.4100"}
{"count": 2, "count_fp": "2.00", "created_time": "2026-02-11T16:33:42.94574Z", "no_price": 62, "no_price_dollars": "0.6200", "price": 0.38, "taker_side": "yes", "ticker": "KXINX-26FEB11H1600-B6962", "trade_id": "8a9f186f-f46a-5b60-61e2-88556ecc3377", "yes_price": 38, "yes_price_dollars": "0.3800"}
{"count": 10, "count_fp": "10.00", "created_time": "2026-02-11T16:21:29.598759Z", "no_price": 59, "no_price_dollars": "0.5900", "price": 0.41, "taker_side": "yes", "ticker": "KXINX-26FEB11H1600-B6962", "trade_id": "678da85d-4bb9-7a5f-6da7-ebda80986309", "yes_price": 41, "yes_price_dollars": "0.4100"}
{"count": 50, "count_fp": "50.00", "created_time": "2026-02-11T16:11:22.05738Z", "no_price": 72, "no_price_dollars": "0.7200", "price": 0.28, "taker_side": "yes", "ticker": "KXINX-26FEB11H1600-B6962", "trade_id": "637ad594-0bda-7598-62cb-2ea363d9f9b4", "yes_price": 28, "yes_price_dollars": "0.2800"}
{"count": 50, "count_fp": "50.00", "created_time": "2026-02-11T15:33:00.617095Z", "no_price": 80, "no_price_dollars": "0.8000", "price": 0.2, "taker_side": "yes", "ticker": "KXINX-26FEB11H1600-B6962", "trade_id": "85fe8717-6130-514c-664b-8dbf4d86e284", "yes_price": 20, "yes_price_dollars": "0.2000"}
{"count": 50, "count_fp": "50.00", "created_time": "2026-02-11T15:28:28.272304Z", "no_price": 83, "no_price_dollars": "0.8300", "price": 0.17, "taker_side": "yes", "ticker": "KXINX-26FEB11H1600-B6962", "trade_id": "1a6929e4-6e71-5e1f-58dc-47ef8db2f3b1", "yes_price": 17, "yes_price_dollars": "0.1700"}
{"count": 22, "count_fp": "22.00", "created_time": "2026-02-11T15:12:48.881279Z", "no_price": 99, "no_price_dollars": "0.9900", "price": 0.01, "taker_side": "no", "ticker": "KXINX-26FEB11H1600-B6962", "trade_id": "fbc7ff03-0e95-6b29-6967-63da2b420de7", "yes_price": 1, "yes_price_dollars": "0.0100"}
{"count": 20, "count_fp": "20.00", "created_time": "2026-02-11T15:12:48.881279Z", "no_price": 83, "no_price_dollars": "0.8300", "price": 0.17, "taker_side": "no", "ticker": "KXINX-26FEB11H1600-B6962", "trade_id": "873f8317-ee2d-66d3-7eec-d1e9cac3d9ef", "yes_price": 17, "yes_price_dollars": "0.1700"}
{"count": 40, "count_fp": "40.00", "created_time": "2026-02-11T15:12:48.881279Z", "no_price": 98, "no_price_dollars": "0.9800", "price": 0.02, "taker_side": "no", "ticker": "KXINX-26FEB11H1600-B6962", "trade_id": "22270d45-5f9b-663b-4ec3-5097bc4b51ac", "yes_price": 2, "yes_price_dollars": "0.0200"}
{"count": 62, "count_fp": "62.00", "created_time": "2026-02-11T15:04:06.406312Z", "no_price": 70, "no_price_dollars": "0.7000", "price": 0.3, "taker_side": "yes", "ticker": "KXINX-26FEB11H1600-B6962", "trade_id": "dabc58af-f744-6eef-7265-a74cd1a45b5c", "yes_price": 30, "yes_price_dollars": "0.3000"}
{"count": 20, "count_fp": "20.00", "created_time": "2026-02-11T15:04:06.406312Z", "no_price": 72, "no_price_dollars": "0.7200", "price": 0.28, "taker_side": "yes", "ticker": "KXINX-26FEB11H1600-B6962", "trade_id": "a49be448-7641-6d84-5ee9-173146c157d4", "yes_price": 28, "yes_price_dollars": "0.2800"}
{"count": 300, "count_fp": "300.00", "created_time": "2026-02-11T14:51:31.230515Z", "no_price": 77, "no_price_dollars": "0.7700", "price": 0.23, "taker_side": "no", "ticker": "KXINX-26FEB11H1600-B6962", "trade_id": "4a04ebec-a0d5-72e9-68cb-876215a9b9b5", "yes_price": 23, "yes_price_dollars": "0.2300"}
{"count": 200, "count_fp": "200.00", "created_time": "2026-02-11T14:44:28.291366Z", "no_price": 77, "no_price_dollars": "0.7700", "price": 0.23, "taker_side": "no", "ticker": "KXINX-26FEB11H1600-B6962", "trade_id": "dc60294e-7eeb-75b3-7eae-a51355e214f5", "yes_price": 23, "yes_price_dollars": "0.2300"}
{"count": 5, "count_fp": "5.00", "created_time": "2026-02-11T14:28:54.316321Z", "no_price": 82, "no_price_dollars": "0.8200", "price": 0.18, "taker_side": "yes", "ticker": "KXINX-26FEB11H1600-B6962", "trade_id": "47bce879-a090-421a-b905-29d9002a7176", "yes_price": 18, "yes_price_dollars": "0.1800"}
{"count": 100, "count_fp": "100.00", "created_time": "2026-02-11T14:07:35.722509Z", "no_price": 81, "no_price_dollars": "0.8100", "price": 0.19, "taker_side": "yes", "ticker": "KXINX-26FEB11H1600-B6962", "trade_id": "0629e4a2-5ae0-4a6a-f18c-4ee8dbe75a5e", "yes_price": 19, "yes_price_dollars": "0.1900"}
{"count": 42, "count_fp": "42.00", "created_time": "2026-02-11T14:03:14.163211Z", "no_price": 82, "no_price_dollars": "0.8200", "price": 0.18, "taker_side": "yes", "ticker": "KXINX-26FEB11H1600-B6962", "trade_id": "964e609e-11f4-4c15-1e3d-ad4bfb1444a6", "yes_price": 18, "yes_price_dollars": "0.1800"}
{"count": 6, "count_fp": "6.00", "created_time": "2026-02-11T14:00:52.655761Z", "no_price": 81, "no_price_dollars": "0.8100", "price": 0.19, "taker_side": "yes", "ticker": "KXINX-26FEB11H1600-B6962", "trade_id": "6209840f-e174-4622-d07e-593b5992a0e6", "yes_price": 19, "yes_price_dollars": "0.1900"}
{"count": 50, "count_fp": "50.00", "created_time": "2026-02-11T13:54:08.943622Z", "no_price": 80, "no_price_dollars": "0.8000", "price": 0.2, "taker_side": "no", "ticker": "KXINX-26FEB11H1600-B6962", "trade_id": "7de6bdfe-d00b-5fdf-84ec-aede5cc8ad99", "yes_price": 20, "yes_price_dollars": "0.2000"}
{"count": 100, "count_fp": "100.00", "created_time": "2026-02-11T13:33:02.10756Z", "no_price": 77, "no_price_dollars": "0.7700", "price": 0.23, "taker_side": "no", "ticker": "KXINX-26FEB11H1600-B6962", "trade_id": "5f1fd57b-7a8f-5bb9-b42c-dfddb7e66bb0", "yes_price": 23, "yes_price_dollars": "0.2300"}
{"count": 46, "count_fp": "46.00", "created_time": "2026-02-11T13:32:37.489643Z", "no_price": 76, "no_price_dollars": "0.7600", "price": 0.24, "taker_side": "no", "ticker": "KXINX-26FEB11H1600-B6962", "trade_id": "45a66aae-77d7-54d4-9b3c-e28c04ab4a93", "yes_price": 24, "yes_price_dollars": "0.2400"}
{"count": 100, "count_fp": "100.00", "created_time": "2026-02-11T13:23:32.062018Z", "no_price": 74, "no_price_dollars": "0.7400", "price": 0.26, "taker_side": "yes", "ticker": "KXINX-26FEB11H1600-B6962", "trade_id": "1aaa2bf6-a4c4-753a-4cd1-5e719f4eba32", "yes_price": 26, "yes_price_dollars": "0.2600"}
{"count": 22, "count_fp": "22.00", "created_time": "2026-02-11T10:19:14.209905Z", "no_price": 90, "no_price_dollars": "0.9000", "price": 0.1, "taker_side": "no", "ticker": "KXINX-26FEB11H1600-B6962", "trade_id": "7624930f-a661-63dc-c83f-f2ecca93754e", "yes_price": 10, "yes_price_dollars": "0.1000"}
{"count": 3, "count_fp": "3.00", "created_time": "2026-02-11T05:43:14.023193Z", "no_price": 59, "no_price_dollars": "0.5900", "price": 0.41, "taker_side": "yes", "ticker": "KXINX-26FEB11H1600-B6962", "trade_id": "db96cc4f-ad9d-5e7f-af50-b1c6ff1562a5", "yes_price": 41, "yes_price_dollars": "0.4100"}
{"count": 12, "count_fp": "12.00", "created_time": "2026-02-11T05:43:14.023193Z", "no_price": 69, "no_price_dollars": "0.6900", "price": 0.31, "taker_side": "yes", "ticker": "KXINX-26FEB11H1600-B6962", "trade_id": "1c767f84-7dcb-5cca-90e7-003ca983878d", "yes_price": 31, "yes_price_dollars": "0.3100"}
{"count": 12, "count_fp": "12.00", "created_time": "2026-02-11T05:43:14.023193Z", "no_price": 63, "no_price_dollars": "0.6300", "price": 0.37, "taker_side": "yes", "ticker": "KXINX-26FEB11H1600-B6962", "trade_id": "074499a2-39a0-5362-95ff-60bd881a78f7", "yes_price": 37, "yes_price_dollars": "0.3700"}
{"count": 260, "count_fp": "260.00", "created_time": "2026-02-11T20:59:59.017314Z", "no_price": 1, "no_price_dollars": "0.0100", "price": 0.99, "taker_side": "yes", "ticker": "KXINX-26FEB11H1600-B6937", "trade_id": "fd02a558-a941-4370-4bd7-bdbf1ecc9f3b", "yes_price": 99, "yes_price_dollars": "0.9900"}
{"count": 87, "count_fp": "87.00", "created_time": "2026-02-11T20:59:59.017314Z", "no_price": 1, "no_price_dollars": "0.0100", "price": 0.99, "taker_side": "yes", "ticker": "KXINX-26FEB11H1600-B6937", "trade_id": "6076ed1d-0ddd-4c90-4a26-f03111bf6a41", "yes_price": 99, "yes_price_dollars": "0.9900"}
{"count": 75, "count_fp": "75.00", "created_time": "2026-02-11T20:59:59.017314Z", "no_price": 1, "no_price_dollars": "0.0100", "price": 0.99, "taker_side": "yes", "ticker": "KXINX-26FEB11H1600-B6937", "trade_id": "0ace37c8-4d1b-411e-6eb4-b7445239f6f2", "yes_price": 99, "yes_price_dollars": "0.9900"}
{"count": 100, "count_fp": "100.00", "created_time": "2026-02-11T20:59:58.756628Z", "no_price": 1, "no_price_dollars": "0.0100", "price": 0.99, "taker_side": "yes", "ticker": "KXINX-26FEB11H1600-B6937", "trade_id": "efdff8d5-b501-698c-f49e-ebb550636b63", "yes_price": 99, "yes_price_dollars": "0.9900"}
{"count": 143, "count_fp": "143.00", "created_time": "2026-02-11T20:59:49.894233Z", "no_price": 1, "no_price_dollars": "0.0100", "price": 0.99, "taker_side": "yes", "ticker": "KXINX-26FEB11H1600-B6937", "trade_id": "5e1319d1-703d-4cfc-4693-f935f78aa9bf", "yes_price": 99, "yes_price_dollars": "0.9900"}
{"count": 99, "count_fp": "99.00", "created_time": "2026-02-11T20:59:20.056105Z", "no_price": 3, "no_price_dollars": "0.0300", "price": 0.97, "taker_side": "no", "ticker": "KXINX-26FEB11H1600-B6937", "trade_id": "dda336b1-cfab-7c9e-ce5b-1d7a703cb848", "yes_price": 97, "yes_price_dollars": "0.9700"}
{"count": 1, "count_fp": "1.00", "created_time": "2026-02-11T20:59:18.839857Z", "no_price": 3, "no_price_dollars": "0.0300", "price": 0.97, "taker_side": "no", "ticker": "KXINX-26FEB11H1600-B6937", "trade_id": "c8d50cda-8893-6b86-19d3-eab7fada3204", "yes_price": 97, "yes_price_dollars": "0.9700"}
{"count": 20, "count_fp": "20.00", "created_time": "2026-02-11T20:59:17.622555Z", "no_price": 5, "no_price_dollars": "0.0500", "price": 0.95, "taker_side": "no", "ticker": "KXINX-26FEB11H1600-B6937", "trade_id": "930dcdbf-5d8a-58b5-e0fe-78458be07d97", "yes_price": 95, "yes_price_dollars": "0.9500"}
{"count": 80, "count_fp": "80.00", "created_time": "2026-02-11T20:59:16.402151Z", "no_price": 5, "no_price_dollars": "0.0500", "price": 0.95, "taker_side": "no", "ticker": "KXINX-26FEB11H1600-B6937", "trade_id": "914d3602-617a-5445-7d70-9e6445e9b593", "yes_price": 95, "yes_price_dollars": "0.9500"}
{"count": 10, "count_fp": "10.00", "created_time": "2026-02-11T20:59:15.180264Z", "no_price": 4, "no_price_dollars": "0.0400", "price": 0.96, "taker_side": "no", "ticker": "KXINX-26FEB11H1600-B6937", "trade_id": "93059c3c-cb9b-474e-7ed5-5194a9f639a9", "yes_price": 96, "yes_price_dollars": "0.9600"}
{"count": 82, "count_fp": "82.00", "created_time": "2026-02-11T20:58:38.111365Z", "no_price": 5, "no_price_dollars": "0.0500", "price": 0.95, "taker_side": "yes", "ticker": "KXINX-26FEB11H1600-B6937", "trade_id": "2e17c407-65c2-72b4-b43a-264cf9415e8e", "yes_price": 95, "yes_price_dollars": "0.9500"}
{"count": 13, "count_fp": "13.00", "created_time": "2026-02-11T20:58:29.12875Z", "no_price": 7, "no_price_dollars": "0.0700", "price": 0.93, "taker_side": "yes", "ticker": "KXINX-26FEB11H1600-B6937", "trade_id": "0dde84c4-ddb9-535e-18ec-48e6b047862d", "yes_price": 93, "yes_price_dollars": "0.9300"}
{"count": 1, "count_fp": "1.00", "created_time": "2026-02-11T20:58:12.005014Z", "no_price": 9, "no_price_dollars": "0.0900", "price": 0.91, "taker_side": "yes", "ticker": "KXINX-26FEB11H1600-B6937", "trade_id": "3657e063-564a-42ec-845d-f0559286baab", "yes_price": 91, "yes_price_dollars": "0.9100"}
{"count": 19, "count_fp": "19.00", "created_time": "2026-02-11T20:58:07.124781Z", "no_price": 12, "no_price_dollars": "0.1200", "price": 0.88, "taker_side": "yes", "ticker": "KXINX-26FEB11H1600-B6937", "trade_id": "9bba009c-a38e-7a5e-1371-8f323ed8a953", "yes_price": 88, "yes_price_dollars": "0.8800"}
{"count": 6, "count_fp": "6.00", "created_time": "2026-02-11T20:57:41.01118Z", "no_price": 10, "no_price_dollars": "0.1000", "price": 0.9, "taker_side": "no", "ticker": "KXINX-26FEB11H1600-B6937", "trade_id": "e2a56cf1-15d6-77bd-bbed-14ff2291182e", "yes_price": 90, "yes_price_dollars": "0.9000"}
{"count": 13, "count_fp": "13.00", "created_time": "2026-02-11T20:57:17.258767Z", "no_price": 10, "no_price_dollars": "0.1000", "price": 0.9, "taker_side": "no", "ticker": "KXINX-26FEB11H1600-B6937", "trade_id": "0de27f19-9044-5b68-a006-909abfb1289c", "yes_price": 90, "yes_price_dollars": "0.9000"}
{"count": 7, "count_fp": "7.00", "created_time": "2026-02-11T20:57:09.019483Z", "no_price": 7, "no_price_dollars": "0.0700", "price": 0.93, "taker_side": "no", "ticker": "KXINX-26FEB11H1600-B6937", "trade_id": "acc3718b-38b1-75cb-9bf1-5ca922207cde", "yes_price": 93, "yes_price_dollars": "0.9300"}
{"count": 25, "count_fp": "25.00", "created_time": "2026-02-11T20:56:34.153603Z", "no_price": 10, "no_price_dollars": "0.1000", "price": 0.9, "taker_side": "yes", "ticker": "KXINX-26FEB11H1600-B6937", "trade_id": "e8f8d93c-890f-5019-6ef0-f7632eebdbe7", "yes_price": 90, "yes_price_dollars": "0.9000"}
{"count": 25, "count_fp": "25.00", "created_time": "2026-02-11T20:56:23.906357Z", "no_price": 13, "no_price_dollars": "0.1300", "price": 0.87, "taker_side": "yes", "ticker": "KXINX-26FEB11H1600-B6937", "trade_id": "2ffb95f2-818b-54f1-b77e-12854718d5a3", "yes_price": 87, "yes_price_dollars": "0.8700"}
{"count": 7, "count_fp": "7.00", "created_time": "2026-02-11T20:56:21.749689Z", "no_price": 14, "no_price_dollars": "0.1400", "price": 0.86, "taker_side": "no", "ticker": "KXINX-26FEB11H1600-B6937", "trade_id": "48a5ab9f-4a22-6047-3b4a-9fa4c1c9aec2", "yes_price": 86, "yes_price_dollars": "0.8600"}
{"count": 20, "count_fp": "20.00", "created_time": "2026-02-11T20:56:15.939452Z", "no_price": 14, "no_price_dollars": "0.1400", "price": 0.86, "taker_side": "no", "ticker": "KXINX-26FEB11H1600-B6937", "trade_id": "c4d6def6-7ba6-5f37-5d4d-06b1805d0b1e", "yes_price": 86, "yes_price_dollars": "0.8600"}
{"count": 11, "count_fp": "11.00", "created_time": "2026-02-11T20:56:14.587787Z", "no_price": 12, "no_price_dollars": "0.1200", "price": 0.88, "taker_side": "yes", "ticker": "KXINX-26FEB11H1600-B6937", "trade_id": "8df82722-e9d0-5cfe-59e3-f39d4dd946a2", "yes_price": 88, "yes_price_dollars": "0.8800"}
{"count": 25, "count_fp": "25.00", "created_time": "2026-02-11T20:56:13.678164Z", "no_price": 12, "no_price_dollars": "0.1200", "price": 0.88, "taker_side": "yes", "ticker": "KXINX-26FEB11H1600-B6937", "trade_id": "5873d848-ad33-6424-90f1-85c739c9030b", "yes_price": 88, "yes_price_dollars": "0.8800"}
{"count": 7, "count_fp": "7.00", "created_time": "2026-02-11T20:56:06.972951Z", "no_price": 13, "no_price_dollars": "0.1300", "price": 0.87, "taker_side": "no", "ticker": "KXINX-26FEB11H1600-B6937", "trade_id": "22e68565-2ad9-53fe-1a24-151b40caac08", "yes_price": 87, "yes_price_dollars": "0.8700"}
{"count": 25, "count_fp": "25.00", "created_time": "2026-02-11T20:56:03.441202Z", "no_price": 10, "no_price_dollars": "0.1000", "price": 0.9, "taker_side": "yes", "ticker": "KXINX-26FEB11H1600-B6937", "trade_id": "2b6b0f85-e67f-5fc4-7ceb-400ded610f37", "yes_price": 90, "yes_price_dollars": "0.9000"}
{"count": 25, "count_fp": "25.00", "created_time": "2026-02-11T20:55:53.215013Z", "no_price": 12, "no_price_dollars": "0.1200", "price": 0.88, "taker_side": "yes", "ticker": "KXINX-26FEB11H1600-B6937", "trade_id": "a92793b5-c2e4-7e6f-cdf1-73f183f90720", "yes_price": 88, "yes_price_dollars": "0.8800"}
{"count": 25, "count_fp": "25.00", "created_time": "2026-02-11T20:55:42.994887Z", "no_price": 12, "no_price_dollars": "0.1200", "price": 0.88, "taker_side": "yes", "ticker": "KXINX-26FEB11H1600-B6937", "trade_id": "8d4e55b6-df68-7357-2e8b-916ae18e264c", "yes_price": 88, "yes_price_dollars": "0.8800"}
{"count": 13, "count_fp": "13.00", "created_time": "2026-02-11T20:55:32.760982Z", "no_price": 17, "no_price_dollars": "0.1700", "price": 0.83, "taker_side": "yes", "ticker": "KXINX-26FEB11H1600-B6937", "trade_id": "1688ceb4-5c99-51b2-2bfa-b923bdb107aa", "yes_price": 83, "yes_price_dollars": "0.8300"}
{"count": 16, "count_fp": "16.00", "created_time": "2026-02-11T20:55:24.289409Z", "no_price": 20, "no_price_dollars": "0.2000", "price": 0.8, "taker_side": "yes", "ticker": "KXINX-26FEB11H1600-B6937", "trade_id": "2633a351-2bee-556e-abea-8b052fc9be28", "yes_price": 80, "yes_price_dollars": "0.8000"}
{"count": 14, "count_fp": "14.00", "created_time": "2026-02-11T20:55:22.548241Z", "no_price": 21, "no_price_dollars": "0.2100", "price": 0.79, "taker_side": "yes", "ticker": "KXINX-26FEB11H1600-B6937", "trade_id": "a4d10582-fb29-5994-d0e1-f14721c64e15", "yes_price": 79, "yes_price_dollars": "0.7900"}
{"count": 5428, "count_fp": "5428.00", "created_time": "2026-02-11T20:55:13.137574Z", "no_price": 28, "no_price_dollars": "0.2800", "price": 0.72, "taker_side": "yes", "ticker": "KXINX-26FEB11H1600-B6937", "trade_id": "ce4ba5e5-bdbd-4957-bddc-8fa72ad9e240", "yes_price": 72, "yes_price_dollars": "0.7200"}
{"count": 13, "count_fp": "13.00", "created_time": "2026-02-11T20:52:55.679058Z", "no_price": 25, "no_price_dollars": "0.2500", "price": 0.75, "taker_side": "no", "ticker": "KXINX-26FEB11H1600-B6937", "trade_id": "033d9339-1d4d-6a36-3543-d4ea40de9022", "yes_price": 75, "yes_price_dollars": "0.7500"}
{"count": 3, "count_fp": "3.00", "created_time": "2026-02-11T20:52:39.250838Z", "no_price": 18, "no_price_dollars": "0.1800", "price": 0.82, "taker_side": "no", "ticker": "KXINX-26FEB11H1600-B6937", "trade_id": "c1c8fea6-cf5a-5e54-13a2-e9b149031b91", "yes_price": 82, "yes_price_dollars": "0.8200"}
{"count": 24, "count_fp": "24.00", "created_time": "2026-02-11T20:52:04.301376Z", "no_price": 20, "no_price_dollars": "0.2000", "price": 0.8, "taker_side": "no", "ticker": "KXINX-26FEB11H1600-B6937", "trade_id": "5c4e53ec-c787-5b56-caeb-3f88720f6ae9", "yes_price": 80, "yes_price_dollars": "0.8000"}
{"count": 2, "count_fp": "2.00", "created_time": "2026-02-11T20:52:03.809935Z", "no_price": 19, "no_price_dollars": "0.1900", "price": 0.81, "taker_side": "no", "ticker": "KXINX-26FEB11H1600-B6937", "trade_id": "4e86e39c-9144-5748-d24e-e42887e8ce12", "yes_price": 81, "yes_price_dollars": "0.8100"}
{"count": 1, "count_fp": "1.00", "created_time": "2026-02-11T20:51:58.49375Z", "no_price": 16, "no_price_dollars": "0.1600", "price": 0.84, "taker_side": "no", "ticker": "KXINX-26FEB11H1600-B6937", "trade_id": "7a9f7d7a-4ad4-5be9-d29d-dc41d8899596", "yes_price": 84, "yes_price_dollars": "0.8400"}
{"count": 36, "count_fp": "36.00", "created_time": "2026-02-11T20:51:58.49375Z", "no_price": 16, "no_price_dollars": "0.1600", "price": 0.84, "taker_side": "no", "ticker": "KXINX-26FEB11H1600-B6937", "trade_id": "40b9156e-1f4d-523e-e3ab-cd72261fa5f6", "yes_price": 84, "yes_price_dollars": "0.8400"}
{"count": 2, "count_fp": "2.00", "created_time": "2026-02-11T20:51:35.345181Z", "no_price": 18, "no_price_dollars": "0.1800", "price": 0.82, "taker_side": "no", "ticker": "KXINX-26FEB11H1600-B6937", "trade_id": "b294fb7d-064b-73aa-c332-62d2900b5ca0", "yes_price": 82, "yes_price_dollars": "0.8200"}
{"count": 56, "count_fp": "56.00", "created_time": "2026-02-11T20:51:26.482557Z", "no_price": 15, "no_price_dollars": "0.1500", "price": 0.85, "taker_side": "yes", "ticker": "KXINX-26FEB11H1600-B6937", "trade_id": "d4b99cb7-bbba-7d37-0a54-cd126dc6cc60", "yes_price": 85, "yes_price_dollars": "0.8500"}
{"count": 50, "count_fp": "50.00", "created_time": "2026-02-11T20:51:26.482557Z", "no_price": 16, "no_price_dollars": "0.1600", "price": 0.84, "taker_side": "yes", "ticker": "KXINX-26FEB11H1600-B6937", "trade_id": "b0d3aa74-cd57-7e05-2fa5-3b5a59db5882", "yes_price": 84, "yes_price_dollars": "0.8400"}
{"count": 12, "count_fp": "12.00", "created_time": "2026-02-11T20:51:26.482557Z", "no_price": 19, "no_price_dollars": "0.1900", "price": 0.81, "taker_side": "yes", "ticker": "KXINX-26FEB11H1600-B6937", "trade_id": "7750824d-0694-7648-2c2a-11f178287e06", "yes_price": 81, "yes_price_dollars": "0.8100"}
{"count": 1, "count_fp": "1.00", "created_time": "2026-02-11T20:50:27.165158Z", "no_price": 27, "no_price_dollars": "0.2700", "price": 0.73, "taker_side": "yes", "ticker": "KXINX-26FEB11H1600-B6937", "trade_id": "897f0287-bc6a-4ae7-b5a2-8f1cd750aae0", "yes_price": 73, "yes_price_dollars": "0.7300"}
{"count": 8, "count_fp": "8.00", "created_time": "2026-02-11T20:50:07.146157Z", "no_price": 39, "no_price_dollars": "0.3900", "price": 0.61, "taker_side": "no", "ticker": "KXINX-26FEB11H1600-B6937", "trade_id": "9560090a-2062-7afc-407b-2bc7d5e6d179", "yes_price": 61, "yes_price_dollars": "0.6100"}
{"count": 29, "count_fp": "29.00", "created_time": "2026-02-11T20:48:19.239964Z", "no_price": 34, "no_price_dollars": "0.3400", "price": 0.66, "taker_side": "yes", "ticker": "KXINX-26FEB11H1600-B6937", "trade_id": "db95e3f4-1bbd-7276-16c7-78d71f349d49", "yes_price": 66, "yes_price_dollars": "0.6600"}
{"count": 1, "count_fp": "1.00", "created_time": "2026-02-11T20:48:13.846382Z", "no_price": 30, "no_price_dollars": "0.3000", "price": 0.7, "taker_side": "yes", "ticker": "KXINX-26FEB11H1600-B6937", "trade_id": "f99e60d3-1a99-7ec2-bef3-d9f34115a8d9", "yes_price": 70, "yes_price_dollars": "0.7000"}
{"count": 239, "count_fp": "239.00", "created_time": "2026-02-11T20:47:54.511598Z", "no_price": 38, "no_price_dollars": "0.3800", "price": 0.62, "taker_side": "no", "ticker": "KXINX-26FEB11H1600-B6937", "trade_id": "5054db64-ea79-6885-92e8-e5a6b71d797d", "yes_price": 62, "yes_price_dollars": "0.6200"}
{"count": 7, "count_fp": "7.00", "created_time": "2026-02-11T20:46:33.282295Z", "no_price": 30, "no_price_dollars": "0.3000", "price": 0.7, "taker_side": "yes", "ticker": "KXINX-26FEB11H1600-B6937", "trade_id": "ff667fbc-c6a8-4540-081b-4fac279ab4aa", "yes_price": 70, "yes_price_dollars": "0.7000"}
{"count": 143, "count_fp": "143.00", "created_time": "2026-02-11T20:45:21.67765Z", "no_price": 40, "no_price_dollars": "0.4000", "price": 0.6, "taker_side": "no", "ticker": "KXINX-26FEB11H1600-B6937", "trade_id": "f2c53402-b6e3-6827-4d29-6da81bb6a27a", "yes_price": 60, "yes_price_dollars": "0.6000"}
{"count": 4, "count_fp": "4.00", "created_time": "2026-02-11T20:45:08.538471Z", "no_price": 37, "no_price_dollars": "0.3700", "price": 0.63, "taker_side": "no", "ticker": "KXINX-26FEB11H1600-B6937", "trade_id": "8d6b665b-44b3-5529-c3c3-4803791cd2c9", "yes_price": 63, "yes_price_dollars": "0.6300"}
{"count": 20, "count_fp": "20.00", "created_time": "2026-02-11T20:44:26.543181Z", "no_price": 33, "no_price_dollars": "0.3300", "price": 0.67, "taker_side": "no", "ticker": "KXINX-26FEB11H1600-B6937", "trade_id": "485a39e8-eaa7-77ef-2bef-fd73758f8762", "yes_price": 67, "yes_price_dollars": "0.6700"}
{"count": 10, "count_fp": "10.00", "created_time": "2026-02-11T20:40:44.192253Z", "no_price": 49, "no_price_dollars": "0.4900", "price": 0.51, "taker_side": "no", "ticker": "KXINX-26FEB11H1600-B6937", "trade_id": "0d5c0fb3-9733-5f48-edc3-66ab12c381f8", "yes_price": 51, "yes_price_dollars": "0.5100"}
{"count": 3, "count_fp": "3.00", "created_time": "2026-02-11T20:40:11.476973Z", "no_price": 36, "no_price_dollars": "0.3600", "price": 0.64, "taker_side": "yes", "ticker": "KXINX-26FEB11H1600-B6937", "trade_id": "8ab36b21-3c45-442a-751a-b17ec8f0e81d", "yes_price": 64, "yes_price_dollars": "0.6400"}
{"count": 2, "count_fp": "2.00", "created_time": "2026-02-11T20:40:10.955324Z", "no_price": 37, "no_price_dollars": "0.3700", "price": 0.63, "taker_side": "no", "ticker": "KXINX-26FEB11H1600-B6937", "trade_id": "4a9b153b-4f68-580a-edc8-7a616ab9290f", "yes_price": 63, "yes_price_dollars": "0.6300"}
{"count": 47, "count_fp": "47.00", "created_time": "2026-02-11T20:40:06.781918Z", "no_price": 39, "no_price_dollars": "0.3900", "price": 0.61, "taker_side": "yes", "ticker": "KXINX-26FEB11H1600-B6937", "trade_id": "f170e90e-c0e5-5502-7437-f76da4e640c9", "yes_price": 61, "yes_price_dollars": "0.6100"}
{"count": 8, "count_fp": "8.00", "created_time": "2026-02-11T20:39:48.420702Z", "no_price": 34, "no_price_dollars": "0.3400", "price": 0.66, "taker_side": "yes", "ticker": "KXINX-26FEB11H1600-B6937", "trade_id": "6c215abc-1fed-5fda-ae88-d10946e86d99", "yes_price": 66, "yes_price_dollars": "0.6600"}
{"count": 6, "count_fp": "6.00", "created_time": "2026-02-11T20:34:43.955923Z", "no_price": 21, "no_price_dollars": "0.2100", "price": 0.79, "taker_side": "yes", "ticker": "KXINX-26FEB11H1600-B6937", "trade_id": "57d96321-9b05-66de-82f8-cca9e3c1a0b9", "yes_price": 79, "yes_price_dollars": "0.7900"}
{"count": 25, "count_fp": "25.00", "created_time": "2026-02-11T20:34:34.242444Z", "no_price": 21, "no_price_dollars": "0.2100", "price": 0.79, "taker_side": "yes", "ticker": "KXINX-26FEB11H1600-B6937", "trade_id": "d5a760c3-9dd1-485e-497f-4386de44e121", "yes_price": 79, "yes_price_dollars": "0.7900"}
{"count": 9, "count_fp": "9.00", "created_time": "2026-02-11T20:34:04.26415Z", "no_price": 23, "no_price_dollars": "0.2300", "price": 0.77, "taker_side": "yes", "ticker": "KXINX-26FEB11H1600-B6937", "trade_id": "1729a83f-82c3-63ad-952a-ba6d33220318", "yes_price": 77, "yes_price_dollars": "0.7700"}
{"count": 105, "count_fp": "105.00", "created_time": "2026-02-11T20:34:04.26415Z", "no_price": 22, "no_price_dollars": "0.2200", "price": 0.78, "taker_side": "yes", "ticker": "KXINX-26FEB11H1600-B6937", "trade_id": "024c7aa9-6dc9-6e32-9396-7442a3cc4f95", "yes_price": 78, "yes_price_dollars": "0.7800"}
{"count": 14, "count_fp": "14.00", "created_time": "2026-02-11T20:30:52.251246Z", "no_price": 24, "no_price_dollars": "0.2400", "price": 0.76, "taker_side": "no", "ticker": "KXINX-26FEB11H1600-B6937", "trade_id": "67950036-9f0e-62c7-495a-477f06406fc9", "yes_price": 76, "yes_price_dollars": "0.7600"}
{"count": 11, "count_fp": "11.00", "created_time": "2026-02-11T20:30:29.838157Z", "no_price": 25, "no_price_dollars": "0.2500", "price": 0.75, "taker_side": "no", "ticker": "KXINX-26FEB11H1600-B6937", "trade_id": "7014b233-0027-6050-3774-2d09dad83a9e", "yes_price": 75, "yes_price_dollars": "0.7500"}
{"count": 16, "count_fp": "16.00", "created_time": "2026-02-11T20:30:13.529171Z", "no_price": 26, "no_price_dollars": "0.2600", "price": 0.74, "taker_side": "no", "ticker": "KXINX-26FEB11H1600-B6937", "trade_id": "94171b2a-5887-646f-c5ff-ab659af79436", "yes_price": 74, "yes_price_dollars": "0.7400"}
{"count": 1, "count_fp": "1.00", "created_time": "2026-02-11T20:29:17.357642Z", "no_price": 37, "no_price_dollars": "0.3700", "price": 0.63, "taker_side": "no", "ticker": "KXINX-26FEB11H1600-B6937", "trade_id": "738b73b9-dc67-7383-9e1c-a1bc2feb734a", "yes_price": 63, "yes_price_dollars": "0.6300"}
{"count": 544, "count_fp": "544.00", "created_time": "2026-02-11T20:25:30.655133Z", "no_price": 46, "no_price_dollars": "0.4600", "price": 0.54, "taker_side": "yes", "ticker": "KXINX-26FEB11H1600-B6937", "trade_id": "c826a78e-175d-4c5d-2a84-166b1c2579ef", "yes_price": 54, "yes_price_dollars": "0.5400"}
{"count": 48, "count_fp": "48.00", "created_time": "2026-02-11T20:22:05.405063Z", "no_price": 42, "no_price_dollars": "0.4200", "price": 0.58, "taker_side": "yes", "ticker": "KXINX-26FEB11H1600-B6937", "trade_id": "c7082234-afc4-7f84-2f61-36bbd78695f0", "yes_price": 58, "yes_price_dollars": "0.5800"}
{"count": 16, "count_fp": "16.00", "created_time": "2026-02-11T20:22:05.405063Z", "no_price": 42, "no_price_dollars": "0.4200", "price": 0.58, "taker_side": "yes", "ticker": "KXINX-26FEB11H1600-B6937", "trade_id": "c1da10f4-49bc-735b-032a-0aaec63a41bb", "yes_price": 58, "yes_price_dollars": "0.5800"}
{"count": 1, "count_fp": "1.00", "created_time": "2026-02-11T20:22:05.405063Z", "no_price": 42, "no_price_dollars": "0.4200", "price": 0.58, "taker_side": "yes", "ticker": "KXINX-26FEB11H1600-B6937", "trade_id": "8827c0bc-66c4-704e-0bba-bf6ff1ecb944", "yes_price": 58, "yes_price_dollars": "0.5800"}
{"count": 48, "count_fp": "48.00", "created_time": "2026-02-11T20:22:05.405063Z", "no_price": 42, "no_price_dollars": "0.4200", "price": 0.58, "taker_side": "yes", "ticker": "KXINX-26FEB11H1600-B6937", "trade_id": "538c1406-369d-760f-13fe-d15a12d2c5e4", "yes_price": 58, "yes_price_dollars": "0.5800"}
{"count": 48, "count_fp": "48.00", "created_time": "2026-02-11T20:22:05.405063Z", "no_price": 42, "no_price_dollars": "0.4200", "price": 0.58, "taker_side": "yes", "ticker": "KXINX-26FEB11H1600-B6937", "trade_id": "412ac7e8-9026-7fc1-068a-27a1be9191c1", "yes_price": 58, "yes_price_dollars": "0.5800"}
{"count": 48, "count_fp": "48.00", "created_time": "2026-02-11T20:22:05.405063Z", "no_price": 42, "no_price_dollars": "0.4200", "price": 0.58, "taker_side": "yes", "ticker": "KXINX-26FEB11H1600-B6937", "trade_id": "00cf4ad9-2f06-7c01-32fc-618972cc73b4", "yes_price": 58, "yes_price_dollars": "0.5800"}
{"count": 200, "count_fp": "200.00", "created_time": "2026-02-11T20:17:30.130544Z", "no_price": 51, "no_price_dollars": "0.5100", "price": 0.49, "taker_side": "no", "ticker": "KXINX-26FEB11H1600-B6937", "trade_id": "c0603edb-d88a-6c35-6b2c-9fb1b64e1fa6", "yes_price": 49, "yes_price_dollars": "0.4900"}
{"count": 14, "count_fp": "14.00", "created_time": "2026-02-11T20:15:43.94752Z", "no_price": 52, "no_price_dollars": "0.5200", "price": 0.48, "taker_side": "no", "ticker": "KXINX-26FEB11H1600-B6937", "trade_id": "73d20d1b-82f8-62ec-7823-ee915d39e8da", "yes_price": 48, "yes_price_dollars": "0.4800"}
{"count": 1, "count_fp": "1.00", "created_time": "2026-02-11T20:15:43.693123Z", "no_price": 51, "no_price_dollars": "0.5100", "price": 0.49, "taker_side": "no", "ticker": "KXINX-26FEB11H1600-B6937", "trade_id": "da6dcac5-da28-65eb-4eb5-6f9f3123102b", "yes_price": 49, "yes_price_dollars": "0.4900"}
{"count": 9, "count_fp": "9.00", "created_time": "2026-02-11T20:15:24.897487Z", "no_price": 47, "no_price_dollars": "0.4700", "price": 0.53, "taker_side": "yes", "ticker": "KXINX-26FEB11H1600-B6937", "trade_id": "075a991a-07d5-49d1-dfcc-8e748889f46f", "yes_price": 53, "yes_price_dollars": "0.5300"}
{"count": 14, "count_fp": "14.00", "created_time": "2026-02-11T20:06:50.737623Z", "no_price": 49, "no_price_dollars": "0.4900", "price": 0.51, "taker_side": "yes", "ticker": "KXINX-26FEB11H1600-B6937", "trade_id": "d2f2824c-bd85-66d5-1602-57abf93a2daf", "yes_price": 51, "yes_price_dollars": "0.5100"}
{"count": 1, "count_fp": "1.00", "created_time": "2026-02-11T20:06:50.737623Z", "no_price": 50, "no_price_dollars": "0.5000", "price": 0.5, "taker_side": "yes", "ticker": "KXINX-26FEB11H1600-B6937", "trade_id": "0ec313ef-4571-6f84-139f-d9fb78688873", "yes_price": 50, "yes_price_dollars": "0.5000"}
{"count": 13, "count_fp": "13.00", "created_time": "2026-02-11T20:06:27.512013Z", "no_price": 55, "no_price_dollars": "0.5500", "price": 0.45, "taker_side": "yes", "ticker": "KXINX-26FEB11H1600-B6937", "trade_id": "9fa142e1-12b1-7ed9-1f6d-7e9065e4f0eb", "yes_price": 45, "yes_price_dollars": "0.4500"}
{"count": 10, "count_fp": "10.00", "created_time": "2026-02-11T20:04:50.556748Z", "no_price": 58, "no_price_dollars": "0.5800", "price": 0.42, "taker_side": "no", "ticker": "KXINX-26FEB11H1600-B6937", "trade_id": "1727c078-987f-6949-4c20-5e5baeec65df", "yes_price": 42, "yes_price_dollars": "0.4200"}
{"count": 1, "count_fp": "1.00", "created_time": "2026-02-11T20:03:44.702269Z", "no_price": 54, "no_price_dollars": "0.5400", "price": 0.46, "taker_side": "no", "ticker": "KXINX-26FEB11H1600-B6937", "trade_id": "bca7c5cb-d69a-6404-78bd-b7e89a9cf464", "yes_price": 46, "yes_price_dollars": "0.4600"}
{"count": 8, "count_fp": "8.00", "created_time": "2026-02-11T20:01:43.934719Z", "no_price": 42, "no_price_dollars": "0.4200", "price": 0.58, "taker_side": "yes", "ticker": "KXINX-26FEB11H1600-B6937", "trade_id": "ba4876b6-3400-668a-06ac-23a978ddfd60", "yes_price": 58, "yes_price_dollars": "0.5800"}
{"count": 1, "count_fp": "1.00", "created_time": "2026-02-11T20:00:00.721946Z", "no_price": 43, "no_price_dollars": "0.4300", "price": 0.57, "taker_side": "yes", "ticker": "KXINX-26FEB11H1600-B6937", "trade_id": "e6f3c556-b140-5fdf-b4cb-fd34a431e9b8", "yes_price": 57, "yes_price_dollars": "0.5700"}
{"count": 7, "count_fp": "7.00", "created_time": "2026-02-11T20:00:00.721946Z", "no_price": 42, "no_price_dollars": "0.4200", "price": 0.58, "taker_side": "yes", "ticker": "KXINX-26FEB11H1600-B6937", "trade_id": "c47c3223-4170-5c1e-b704-6341c6a3ef78", "yes_price": 58, "yes_price_dollars": "0.5800"}
{"count": 5, "count_fp": "5.00", "created_time": "2026-02-11T19:46:03.750471Z", "no_price": 46, "no_price_dollars": "0.4600", "price": 0.54, "taker_side": "yes", "ticker": "KXINX-26FEB11H1600-B6937", "trade_id": "6acd7353-6a24-530e-ed6f-e62833cab275", "yes_price": 54, "yes_price_dollars": "0.5400"}
{"count": 1, "count_fp": "1.00", "created_time": "2026-02-11T19:45:59.91114Z", "no_price": 47, "no_price_dollars": "0.4700", "price": 0.53, "taker_side": "yes", "ticker": "KXINX-26FEB11H1600-B6937", "trade_id": "8f1f42bd-1e4e-444f-cf9b-39036acdf79e", "yes_price": 53, "yes_price_dollars": "0.5300"}
{"count": 1, "count_fp": "1.00", "created_time": "2026-02-11T19:29:30.839601Z", "no_price": 77, "no_price_dollars": "0.7700", "price": 0.23, "taker_side": "no", "ticker": "KXINX-26FEB11H1600-B6937", "trade_id": "74689fc6-2af5-54d9-199a-1c43c4633e16", "yes_price": 23, "yes_price_dollars": "0.2300"}
{"count": 700, "count_fp": "700.00", "created_time": "2026-02-11T19:20:18.847063Z", "no_price": 72, "no_price_dollars": "0.7200", "price": 0.28, "taker_side": "no", "ticker": "KXINX-26FEB11H1600-B6937", "trade_id": "c16b2d6b-d297-44fd-f5ec-332e12f5d2da", "yes_price": 28, "yes_price_dollars": "0.2800"}
{"count": 20, "count_fp": "20.00", "created_time": "2026-02-11T19:17:30.14044Z", "no_price": 72, "no_price_dollars": "0.7200", "price": 0.28, "taker_side": "no", "ticker": "KXINX-26FEB11H1600-B6937", "trade_id": "a217bcce-7cdf-4ce5-b929-a634cbe66496", "yes_price": 28, "yes_price_dollars": "0.2800"}
{"count": 25, "count_fp": "25.00", "created_time": "2026-02-11T19:13:08.634408Z", "no_price": 60, "no_price_dollars": "0.6000", "price": 0.4, "taker_side": "no", "ticker": "KXINX-26FEB11H1600-B6937", "trade_id": "6ee52fcd-bced-681b-75e3-c396a3f7db13", "yes_price": 40, "yes_price_dollars": "0.4000"}
{"count": 12, "count_fp": "12.00", "created_time": "2026-02-11T19:09:24.696534Z", "no_price": 47, "no_price_dollars": "0.4700", "price": 0.53, "taker_side": "yes", "ticker": "KXINX-26FEB11H1600-B6937", "trade_id": "4d8dd822-f796-41d3-afcc-3419cd51b0fa", "yes_price": 53, "yes_price_dollars": "0.5300"}
{"count": 10, "count_fp": "10.00", "created_time": "2026-02-11T19:02:29.690271Z", "no_price": 56, "no_price_dollars": "0.5600", "price": 0.44, "taker_side": "no", "ticker": "KXINX-26FEB11H1600-B6937", "trade_id": "ebab8956-5f15-7c9e-fffc-cb1e95806af0", "yes_price": 44, "yes_price_dollars": "0.4400"}
{"count": 10, "count_fp": "10.00", "created_time": "2026-02-11T19:02:29.690271Z", "no_price": 56, "no_price_dollars": "0.5600", "price": 0.44, "taker_side": "no", "ticker": "KXINX-26FEB11H1600-B6937", "trade_id": "cb5748ae-eac6-7b6b-d1fd-ad5c342d10be", "yes_price": 44, "yes_price_dollars": "0.4400"}
{"count": 10, "count_fp": "10.00", "created_time": "2026-02-11T19:02:29.690271Z", "no_price": 56, "no_price_dollars": "0.5600", "price": 0.44, "taker_side": "no", "ticker": "KXINX-26FEB11H1600-B6937", "trade_id": "9a94aba3-b47b-7144-e56f-b943cf0d137f", "yes_price": 44, "yes_price_dollars": "0.4400"}
{"count": 10, "count_fp": "10.00", "created_time": "2026-02-11T19:02:29.690271Z", "no_price": 56, "no_price_dollars": "0.5600", "price": 0.44, "taker_side": "no", "ticker": "KXINX-26FEB11H1600-B6937", "trade_id": "23a8862d-00a8-7eb7-f1e8-b0487f2f1aca", "yes_price": 44, "yes_price_dollars": "0.4400"}
{"count": 10, "count_fp": "10.00", "created_time": "2026-02-11T19:02:29.690271Z", "no_price": 56, "no_price_dollars": "0.5600", "price": 0.44, "taker_side": "no", "ticker": "KXINX-26FEB11H1600-B6937", "trade_id": "1d013043-819b-7b52-fc03-2293eb154d5c", "yes_price": 44, "yes_price_dollars": "0.4400"}
{"count": 10, "count_fp": "10.00", "created_time": "2026-02-11T19:02:29.690271Z", "no_price": 56, "no_price_dollars": "0.5600", "price": 0.44, "taker_side": "no", "ticker": "KXINX-26FEB11H1600-B6937", "trade_id": "08caae3f-3e18-778c-dd24-86610c2e398f", "yes_price": 44, "yes_price_dollars": "0.4400"}
{"count": 18, "count_fp": "18.00", "created_time": "2026-02-11T18:53:07.946034Z", "no_price": 57, "no_price_dollars": "0.5700", "price": 0.43, "taker_side": "no", "ticker": "KXINX-26FEB11H1600-B6937", "trade_id": "90e4c303-e7fe-5e01-9c13-a845c5bcc05d", "yes_price": 43, "yes_price_dollars": "0.4300"}
{"count": 1, "count_fp": "1.00", "created_time": "2026-02-11T18:53:07.946034Z", "no_price": 57, "no_price_dollars": "0.5700", "price": 0.43, "taker_side": "no", "ticker": "KXINX-26FEB11H1600-B6937", "trade_id": "0fca50d8-5782-570a-b5c1-6e7bfe4393aa", "yes_price": 43, "yes_price_dollars": "0.4300"}
{"count": 36, "count_fp": "36.00", "created_time": "2026-02-11T18:50:32.72246Z", "no_price": 56, "no_price_dollars": "0.5600", "price": 0.44, "taker_side": "no", "ticker": "KXINX-26FEB11H1600-B6937", "trade_id": "08c10b14-7c22-5658-b449-d0a405a236f0", "yes_price": 44, "yes_price_dollars": "0.4400"}
{"count": 2, "count_fp": "2.00", "created_time": "2026-02-11T18:50:28.5068Z", "no_price": 52, "no_price_dollars": "0.5200", "price": 0.48, "taker_side": "no", "ticker": "KXINX-26FEB11H1600-B6937", "trade_id": "d95a67d5-56e0-5ec9-b72e-9948efbbca6b", "yes_price": 48, "yes_price_dollars": "0.4800"}
{"count": 51, "count_fp": "51.00", "created_time": "2026-02-11T18:50:16.340186Z", "no_price": 58, "no_price_dollars": "0.5800", "price": 0.42, "taker_side": "yes", "ticker": "KXINX-26FEB11H1600-B6937", "trade_id": "78b7a9dd-c6bc-4048-a29c-80aa200733b8", "yes_price": 42, "yes_price_dollars": "0.4200"}
{"count": 5, "count_fp": "5.00", "created_time": "2026-02-11T18:50:00.528499Z", "no_price": 61, "no_price_dollars": "0.6100", "price": 0.39, "taker_side": "no", "ticker": "KXINX-26FEB11H1600-B6937", "trade_id": "c78db8b4-2929-5ec7-aa1a-6501a25b910a", "yes_price": 39, "yes_price_dollars": "0.3900"}
{"count": 955, "count_fp": "955.00", "created_time": "2026-02-11T18:30:44.401124Z", "no_price": 61, "no_price_dollars": "0.6100", "price": 0.39, "taker_side": "yes", "ticker": "KXINX-26FEB11H1600-B6937", "trade_id": "90d644f8-14f2-4d59-2dbe-b15e5ec18524", "yes_price": 39, "yes_price_dollars": "0.3900"}
{"count": 50, "count_fp": "50.00", "created_time": "2026-02-11T18:30:44.401124Z", "no_price": 62, "no_price_dollars": "0.6200", "price": 0.38, "taker_side": "yes", "ticker": "KXINX-26FEB11H1600-B6937", "trade_id": "77d9d7d0-822e-4b22-2dd5-7935daa7bfda", "yes_price": 38, "yes_price_dollars": "0.3800"}
{"count": 12, "count_fp": "12.00", "created_time": "2026-02-11T18:26:46.8603Z", "no_price": 55, "no_price_dollars": "0.5500", "price": 0.45, "taker_side": "yes", "ticker": "KXINX-26FEB11H1600-B6937", "trade_id": "44d947a2-7269-7af7-5ce9-ea440fd68bb2", "yes_price": 45, "yes_price_dollars": "0.4500"}
{"count": 288, "count_fp": "288.00", "created_time": "2026-02-11T18:26:46.8603Z", "no_price": 55, "no_price_dollars": "0.5500", "price": 0.45, "taker_side": "yes", "ticker": "KXINX-26FEB11H1600-B6937", "trade_id": "3aa98206-f67a-7f09-4f93-e4dcb5ec0524", "yes_price": 45, "yes_price_dollars": "0.4500"}
{"count": 60, "count_fp": "60.00", "created_time": "2026-02-11T18:25:36.686849Z", "no_price": 59, "no_price_dollars": "0.5900", "price": 0.41, "taker_side": "yes", "ticker": "KXINX-26FEB11H1600-B6937", "trade_id": "add03048-ce1f-51a7-090a-62754a9abcc3", "yes_price": 41, "yes_price_dollars": "0.4100"}
{"count": 9, "count_fp": "9.00", "created_time": "2026-02-11T18:14:47.325311Z", "no_price": 59, "no_price_dollars": "0.5900", "price": 0.41, "taker_side": "yes", "ticker": "KXINX-26FEB11H1600-B6937", "trade_id": "e6c88e93-1257-7683-4dbd-6a718c53eda7", "yes_price": 41, "yes_price_dollars": "0.4100"}
{"count": 3, "count_fp": "3.00", "created_time": "2026-02-11T18:14:47.325311Z", "no_price": 60, "no_price_dollars": "0.6000", "price": 0.4, "taker_side": "yes", "ticker": "KXINX-26FEB11H1600-B6937", "trade_id": "a3d1851a-2d9e-75ca-4ed1-80acfc6a1969", "yes_price": 40, "yes_price_dollars": "0.4000"}
{"count": 79, "count_fp": "79.00", "created_time": "2026-02-11T18:11:23.131005Z", "no_price": 63, "no_price_dollars": "0.6300", "price": 0.37, "taker_side": "no", "ticker": "KXINX-26FEB11H1600-B6937", "trade_id": "8b4a8b39-1fe1-5794-5158-4425f0ce6053", "yes_price": 37, "yes_price_dollars": "0.3700"}
{"count": 21, "count_fp": "21.00", "created_time": "2026-02-11T18:11:23.131005Z", "no_price": 63, "no_price_dollars": "0.6300", "price": 0.37, "taker_side": "no", "ticker": "KXINX-26FEB11H1600-B6937", "trade_id": "1876551f-a056-52fd-5ca8-03d6d30aa683", "yes_price": 37, "yes_price_dollars": "0.3700"}
{"count": 11, "count_fp": "11.00", "created_time": "2026-02-11T18:03:50.978442Z", "no_price": 59, "no_price_dollars": "0.5900", "price": 0.41, "taker_side": "yes", "ticker": "KXINX-26FEB11H1600-B6937", "trade_id": "d94a8e4f-cea3-7dbb-0b7e-939a300c62f7", "yes_price": 41, "yes_price_dollars": "0.4100"}
{"count": 50, "count_fp": "50.00", "created_time": "2026-02-11T18:03:44.088871Z", "no_price": 60, "no_price_dollars": "0.6000", "price": 0.4, "taker_side": "yes", "ticker": "KXINX-26FEB11H1600-B6937", "trade_id": "bdaa928a-aba9-6546-d93e-51b0787cca56", "yes_price": 40, "yes_price_dollars": "0.4000"}
{"count": 27, "count_fp": "27.00", "created_time": "2026-02-11T18:03:44.088871Z", "no_price": 59, "no_price_dollars": "0.5900", "price": 0.41, "taker_side": "yes", "ticker": "KXINX-26FEB11H1600-B6937", "trade_id": "2d0e6d8f-3aaf-6e63-fe33-7bcaffbb729b", "yes_price": 41, "yes_price_dollars": "0.4100"}
{"count": 50, "count_fp": "50.00", "created_time": "2026-02-11T17:53:54.924375Z", "no_price": 71, "no_price_dollars": "0.7100", "price": 0.29, "taker_side": "yes", "ticker": "KXINX-26FEB11H1600-B6937", "trade_id": "8e96de77-5a20-747a-f006-b6053d374143", "yes_price": 29, "yes_price_dollars": "0.2900"}
{"count": 3, "count_fp": "3.00", "created_time": "2026-02-11T17:31:42.670575Z", "no_price": 72, "no_price_dollars": "0.7200", "price": 0.28, "taker_side": "yes", "ticker": "KXINX-26FEB11H1600-B6937", "trade_id": "dc827240-bf33-4662-1a79-661b5d7b9500", "yes_price": 28, "yes_price_dollars": "0.2800"}
{"count": 34, "count_fp": "34.00", "created_time": "2026-02-11T17:26:27.120888Z", "no_price": 79, "no_price_dollars": "0.7900", "price": 0.21, "taker_side": "yes", "ticker": "KXINX-26FEB11H1600-B6937", "trade_id": "fb70ecbc-d3d1-6279-b7d9-9292235c45ac", "yes_price": 21, "yes_price_dollars": "0.2100"}
{"count": 16, "count_fp": "16.00", "created_time": "2026-02-11T17:23:41.116927Z", "no_price": 71, "no_price_dollars": "0.7100", "price": 0.29, "taker_side": "yes", "ticker": "KXINX-26FEB11H1600-B6937", "trade_id": "81865339-b123-4697-f4c4-18d02f925767", "yes_price": 29, "yes_price_dollars": "0.2900"}
{"count": 23, "count_fp": "23.00", "created_time": "2026-02-11T17:16:52.23675Z", "no_price": 68, "no_price_dollars": "0.6800", "price": 0.32, "taker_side": "no", "ticker": "KXINX-26FEB11H1600-B6937", "trade_id": "5c575f77-ba4a-77ee-3600-01fcdc404191", "yes_price": 32, "yes_price_dollars": "0.3200"}
{"count": 47, "count_fp": "47.00", "created_time": "2026-02-11T16:33:46.022714Z", "no_price": 71, "no_price_dollars": "0.7100", "price": 0.29, "taker_side": "no", "ticker": "KXINX-26FEB11H1600-B6937", "trade_id": "c7381f70-4c01-553b-bb8b-019250d1365c", "yes_price": 29, "yes_price_dollars": "0.2900"}
{"count": 1, "count_fp": "1.00", "created_time": "2026-02-11T16:31:27.5647Z", "no_price": 68, "no_price_dollars": "0.6800", "price": 0.32, "taker_side": "yes", "ticker": "KXINX-26FEB11H1600-B6937", "trade_id": "ef8b7a2f-da5c-5d6c-13bd-a1f69c3c7c6a", "yes_price": 32, "yes_price_dollars": "0.3200"}
{"count": 13, "count_fp": "13.00", "created_time": "2026-02-11T14:00:52.906959Z", "no_price": 90, "no_price_dollars": "0.9000", "price": 0.1, "taker_side": "yes", "ticker": "KXINX-26FEB11H1600-B6937", "trade_id": "a50fd4f6-e917-629e-2d96-9cea527f2bad", "yes_price": 10, "yes_price_dollars": "0.1000"}
{"count": 2, "count_fp": "2.00", "created_time": "2026-02-11T13:41:16.459605Z", "no_price": 91, "no_price_dollars": "0.9100", "price": 0.09, "taker_side": "no", "ticker": "KXINX-26FEB11H1600-B6937", "trade_id": "bf260ed7-71dd-5854-b9cf-6cf7dce69313", "yes_price": 9, "yes_price_dollars": "0.0900"}
