{"count": 138, "count_fp": "138.00", "created_time": "2026-02-22T19:48:44.694887Z", "no_price": 93, "no_price_dollars": "0.9300", "price": 0.07, "taker_side": "yes", "ticker": "KXINX-26FEB27H1600-T6500", "trade_id": "c46a5da2-227d-4d49-b310-249c248af9df", "yes_price": 7, "yes_price_dollars": "0.0700"}
{"count": 32, "count_fp": "32.00", "created_time": "2026-02-22T21:56:19.020256Z", "no_price": 94, "no_price_dollars": "0.9400", "price": 0.06, "taker_side": "yes", "ticker": "KXINX-26FEB27H1600-B7187", "trade_id": "0eb2bfcc-8ad5-6437-5a86-d96d6953e76b", "yes_price": 6, "yes_price_dollars": "0.0600"}
{"count": 96, "count_fp": "96.00", "created_time": "2026-02-22T05:57:00.272729Z", "no_price": 90, "no_price_dollars": "0.9000", "price": 0.1, "taker_side": "yes", "ticker": "KXINX-26FEB27H1600-B7087", "trade_id": "f135af54-15ff-6002-42a7-339ceb042b19", "yes_price": 10, "yes_price_dollars": "0.1000"}
{"count": 1, "count_fp": "1.00", "created_time": "2026-02-22T23:05:46.099019Z", "no_price": 86, "no_price_dollars": "0.8600", "price": 0.14, "taker_side": "no", "ticker": "KXINX-26FEB27H1600-B6912", "trade_id": "d93fe356-5e5a-6731-5871-6a39bffc9435", "yes_price": 14, "yes_price_dollars": "0.1400"}
{"count": 1, "count_fp": "1.00", "created_time": "2026-02-22T20:41:04.583493Z", "no_price": 77, "no_price_dollars": "0.7700", "price": 0.23, "taker_side": "yes", "ticker": "KXINX-26FEB27H1600-B6912", "trade_id": "ad0a28aa-ec7d-7db1-d3d4-bb260fe02d1e", "yes_price": 23, "yes_price_dollars": "0.2300"}
{"count": 19, "count_fp": "19.00", "created_time": "2026-02-22T05:57:39.248221Z", "no_price": 75, "no_price_dollars": "0.7500", "price": 0.25, "taker_side": "yes", "ticker": "KXINX-26FEB27H1600-B6912", "trade_id": "a8c2b03e-6a65-78b9-b649-89695fac2082", "yes_price": 25, "yes_price_dollars": "0.2500"}
{"count": 10, "count_fp": "10.00", "created_time": "2026-02-22T23:05:33.345149Z", "no_price": 84, "no_price_dollars": "0.8400", "price": 0.16, "taker_side": "yes", "ticker": "KXINX-26FEB27H1600-B6862", "trade_id": "eaa616f5-3b92-4a1d-12bb-c1bfd5cd38df", "yes_price": 16, "yes_price_dollars": "0.1600"}
{"count": 1, "count_fp": "1.00", "created_time": "2026-02-22T20:41:04.426004Z", "no_price": 84, "no_price_dollars": "0.8400", "price": 0.16, "taker_side": "yes", "ticker": "KXINX-26FEB27H1600-B6862", "trade_id": "c627a2a2-c71a-5439-c43d-b93d3cfe6ab7", "yes_price": 16, "yes_price_dollars": "0.1600"}
{"count": 30, "count_fp": "30.00", "created_time": "2026-02-22T07:38:57.868063Z", "no_price": 84, "no_price_dollars": "0.8400", "price": 0.16, "taker_side": "yes", "ticker": "KXINX-26FEB27H1600-B6862", "trade_id": "34f04ad5-8d9e-4b75-283d-39713c494ccb", "yes_price": 16, "yes_price_dollars": "0.1600"}
{"count": 60, "count_fp": "60.00", "created_time": "2026-02-22T04:42:02.617611Z", "no_price": 84, "no_price_dollars": "0.8400", "price": 0.16, "taker_side": "yes", "ticker": "KXINX-26FEB27H1600-B6862", "trade_id": "d6a3dddc-5456-67cd-31c9-878d96e7d6db", "yes_price": 16, "yes_price_dollars": "0.1600"}
{"count": 96, "count_fp": "96.00", "created_time": "2026-02-22T15:22:14.409151Z", "no_price": 90, "no_price_dollars": "0.9000", "price": 0.1, "taker_side": "yes", "ticker": "KXINX-26FEB27H1600-B6812", "trade_id": "3af93bb5-1698-47a5-c60c-a7b95468dec5", "yes_price": 10, "yes_price_dollars": "0.1000"}
{"count": 1, "count_fp": "1.00", "created_time": "2026-02-22T20:53:30.564188Z", "no_price": 92, "no_price_dollars": "0.9200", "price": 0.08, "taker_side": "yes", "ticker": "KXINX-26FEB27H1600-B6537", "trade_id": "80b06378-4597-4ea9-90e1-cfbe0ce8097e", "yes_price": 8, "yes_price_dollars": "0.0800"}
{"count": 232, "count_fp": "232.00", "created_time": "2026-02-22T20:44:10.942278Z", "no_price": 92, "no_price_dollars": "0.9200", "price": 0.08, "taker_side": "yes", "ticker": "KXINX-26FEB27H1600-B6512", "trade_id": "ebc515e2-3387-5b04-5c68-30bd7d5afc1e", "yes_price": 8, "yes_price_dollars": "0.0800"}
{"count": 768, "count_fp": "768.00", "created_time": "2026-02-22T20:44:10.942278Z", "no_price": 95, "no_price_dollars": "0.9500", "price": 0.05, "taker_side": "yes", "ticker": "KXINX-26FEB27H1600-B6512", "trade_id": "1ec309d2-0e10-5181-440e-37179a1cadda", "yes_price": 5, "yes_price_dollars": "0.0500"}
{"count": 1, "count_fp": "1.00", "created_time": "2026-02-22T15:56:57.856791Z", "no_price": 95, "no_price_dollars": "0.9500", "price": 0.05, "taker_side": "yes", "ticker": "KXINX-26FEB27H1600-B6512", "trade_id": "a8499651-6044-5d25-417b-12c5e197c066", "yes_price": 5, "yes_price_dollars": "0.0500"}
{"count": 135, "count_fp": "135.00", "created_time": "2026-02-22T07:16:15.959461Z", "no_price": 95, "no_price_dollars": "0.9500", "price": 0.05, "taker_side": "yes", "ticker": "KXINX-26FEB27H1600-B6512", "trade_id": "e50e83b8-e3e0-56d1-f19f-ee030c3a6a7a", "yes_price": 5, "yes_price_dollars": "0.0500"}
{"count": 96, "count_fp": "96.00", "created_time": "2026-02-22T05:25:05.020321Z", "no_price": 95, "no_price_dollars": "0.9500", "price": 0.05, "taker_side": "yes", "ticker": "KXINX-26FEB27H1600-B6512", "trade_id": "65decfb6-9528-49f1-e77e-3929e2c60456", "yes_price": 5, "yes_price_dollars": "0.0500"}
{"count": 1, "count_fp": "1.00", "created_time": "2026-02-22T20:42:07.268242Z", "no_price": 84, "no_price_dollars": "0.8400", "price": 0.16, "taker_side": "yes", "ticker": "KXINX-26FEB23H1600-B7012", "trade_id": "214baec2-e7d3-7ae8-279a-5a9a5886863a", "yes_price": 16, "yes_price_dollars": "0.1600"}
{"count": 7, "count_fp": "7.00", "created_time": "2026-02-22T15:11:28.605252Z", "no_price": 73, "no_price_dollars": "0.7300", "price": 0.27, "taker_side": "yes", "ticker": "KXINX-26FEB23H1600-B6937", "trade_id": "e7ae00e7-3e63-5998-40c1-329fc9acf2d0", "yes_price": 27, "yes_price_dollars": "0.2700"}
{"count": 1, "count_fp": "1.00", "created_time": "2026-02-22T23:04:28.60502Z", "no_price": 75, "no_price_dollars": "0.7500", "price": 0.25, "taker_side": "yes", "ticker": "KXINX-26FEB23H1600-B6912", "trade_id": "51536f42-09f2-564e-56c4-22ebef60e651", "yes_price": 25, "yes_price_dollars": "0.2500"}
{"count": 1, "count_fp": "1.00", "created_time": "2026-02-22T22:32:51.774461Z", "no_price": 84, "no_price_dollars": "0.8400", "price": 0.16, "taker_side": "no", "ticker": "KXINX-26FEB23H1600-B6912", "trade_id": "877a621a-781c-64dc-e582-2695cd376d31", "yes_price": 16, "yes_price_dollars": "0.1600"}
{"count": 24, "count_fp": "24.00", "created_time": "2026-02-22T22:32:50.53068Z", "no_price": 76, "no_price_dollars": "0.7600", "price": 0.24, "taker_side": "no", "ticker": "KXINX-26FEB23H1600-B6912", "trade_id": "7a3c8878-763a-5250-c9ae-40ff029827a3", "yes_price": 24, "yes_price_dollars": "0.2400"}
{"count": 1, "count_fp": "1.00", "created_time": "2026-02-22T20:38:40.785006Z", "no_price": 75, "no_price_dollars": "0.7500", "price": 0.25, "taker_side": "yes", "ticker": "KXINX-26FEB23H1600-B6912", "trade_id": "f5332593-c56f-586a-4b46-cff33962a524", "yes_price": 25, "yes_price_dollars": "0.2500"}
{"count": 8, "count_fp": "8.00", "created_time": "2026-02-22T20:24:42.596514Z", "no_price": 76, "no_price_dollars": "0.7600", "price": 0.24, "taker_side": "no", "ticker": "KXINX-26FEB23H1600-B6912", "trade_id": "7c017826-179a-4b98-f4cb-648b7a4ebe7f", "yes_price": 24, "yes_price_dollars": "0.2400"}
{"count": 11, "count_fp": "11.00", "created_time": "2026-02-22T20:23:05.491959Z", "no_price": 76, "no_price_dollars": "0.7600", "price": 0.24, "taker_side": "no", "ticker": "KXINX-26FEB23H1600-B6912", "trade_id": "48709c68-75aa-7240-7612-331094d5b61b", "yes_price": 24, "yes_price_dollars": "0.2400"}
{"count": 1, "count_fp": "1.00", "created_time": "2026-02-22T18:04:24.231212Z", "no_price": 76, "no_price_dollars": "0.7600", "price": 0.24, "taker_side": "no", "ticker": "KXINX-26FEB23H1600-B6912", "trade_id": "d459de33-4c06-49e0-b33c-bce84bb17717", "yes_price": 24, "yes_price_dollars": "0.2400"}
{"count": 1, "count_fp": "1.00", "created_time": "2026-02-22T15:39:36.473994Z", "no_price": 76, "no_price_dollars": "0.7600", "price": 0.24, "taker_side": "no", "ticker": "KXINX-26FEB23H1600-B6912", "trade_id": "bb9a5658-ac9a-5478-3303-486376ffd10f", "yes_price": 24, "yes_price_dollars": "0.2400"}
{"count": 24, "count_fp": "24.00", "created_time": "2026-02-22T13:06:17.839593Z", "no_price": 76, "no_price_dollars": "0.7600", "price": 0.24, "taker_side": "no", "ticker": "KXINX-26FEB23H1600-B6912", "trade_id": "61bd8db1-8df2-6e10-db62-b039674023d3", "yes_price": 24, "yes_price_dollars": "0.2400"}
{"count": 1, "count_fp": "1.00", "created_time": "2026-02-22T12:11:12.967331Z", "no_price": 76, "no_price_dollars": "0.7600", "price": 0.24, "taker_side": "no", "ticker": "KXINX-26FEB23H1600-B6912", "trade_id": "ec9e8673-2baa-5f4c-67c5-ab8a57cd6137", "yes_price": 24, "yes_price_dollars": "0.2400"}
{"count": 5, "count_fp": "5.00", "created_time": "2026-02-22T06:42:36.974434Z", "no_price": 75, "no_price_dollars": "0.7500", "price": 0.25, "taker_side": "yes", "ticker": "KXINX-26FEB23H1600-B6912", "trade_id": "db1a64cc-6025-74bc-8c9a-bdcb500bb991", "yes_price": 25, "yes_price_dollars": "0.2500"}
{"count": 10, "count_fp": "10.00", "created_time": "2026-02-22T23:06:07.415577Z", "no_price": 71, "no_price_dollars": "0.7100", "price": 0.29, "taker_side": "no", "ticker": "KXINX-26FEB23H1600-B6887", "trade_id": "b0e22fb2-f849-7129-754b-3a11d33b45f9", "yes_price": 29, "yes_price_dollars": "0.2900"}
{"count": 3, "count_fp": "3.00", "created_time": "2026-02-22T23:04:28.514982Z", "no_price": 71, "no_price_dollars": "0.7100", "price": 0.29, "taker_side": "yes", "ticker": "KXINX-26FEB23H1600-B6887", "trade_id": "b912efd9-8755-75d3-4503-4e58b5e73d18", "yes_price": 29, "yes_price_dollars": "0.2900"}
{"count": 1, "count_fp": "1.00", "created_time": "2026-02-22T20:42:07.217022Z", "no_price": 87, "no_price_dollars": "0.8700", "price": 0.13, "taker_side": "yes", "ticker": "KXINX-26FEB23H1600-B6837", "trade_id": "5ab64ed2-5301-60eb-4906-f84e844e82db", "yes_price": 13, "yes_price_dollars": "0.1300"}
{"count": 1, "count_fp": "1.00", "created_time": "2026-02-22T19:55:55.44794Z", "no_price": 99, "no_price_dollars": "0.9900", "price": 0.01, "taker_side": "no", "ticker": "KXINX-26FEB23H1600-B6837", "trade_id": "fe163487-86c0-64e2-03c2-175d5cafc0e3", "yes_price": 1, "yes_price_dollars": "0.0100"}
{"count": 1, "count_fp": "1.00", "created_time": "2026-02-22T19:55:54.870482Z", "no_price": 87, "no_price_dollars": "0.8700", "price": 0.13, "taker_side": "yes", "ticker": "KXINX-26FEB23H1600-B6837", "trade_id": "40af61b9-b3f1-528b-d43f-2fe7cdb3086f", "yes_price": 13, "yes_price_dollars": "0.1300"}
{"count": 1, "count_fp": "1.00", "created_time": "2026-02-22T20:36:16.802056Z", "no_price": 67, "no_price_dollars": "0.6700", "price": 0.33, "taker_side": "yes", "ticker": "KXINX-26FEB23H1600-B6812", "trade_id": "62929909-1a25-70ab-e569-936363e3bf17", "yes_price": 33, "yes_price_dollars": "0.3300"}
{"count": 4, "count_fp": "4.00", "created_time": "2026-02-22T17:15:23.943109Z", "no_price": 94, "no_price_dollars": "0.9400", "price": 0.06, "taker_side": "yes", "ticker": "KXINX-26FEB23H1600-B6812", "trade_id": "ed4e8dfa-7497-48dc-9e7e-34e9782208ed", "yes_price": 6, "yes_price_dollars": "0.0600"}
{"count": 3, "count_fp": "3.00", "created_time": "2026-02-22T17:15:23.943109Z", "no_price": 70, "no_price_dollars": "0.7000", "price": 0.3, "taker_side": "yes", "ticker": "KXINX-26FEB23H1600-B6812", "trade_id": "dc346f92-dde0-417c-936f-804787f3e7d3", "yes_price": 30, "yes_price_dollars": "0.3000"}
{"count": 12, "count_fp": "12.00", "created_time": "2026-02-22T17:15:23.943109Z", "no_price": 69, "no_price_dollars": "0.6900", "price": 0.31, "taker_side": "yes", "ticker": "KXINX-26FEB23H1600-B6812", "trade_id": "cfa669e9-0386-452c-acd1-20e7172d1e10", "yes_price": 31, "yes_price_dollars": "0.3100"}
{"count": 95, "count_fp": "95.00", "created_time": "2026-02-22T17:15:23.943109Z", "no_price": 68, "no_price_dollars": "0.6800", "price": 0.32, "taker_side": "yes", "ticker": "KXINX-26FEB23H1600-B6812", "trade_id": "56be9c3c-2753-4ec0-aa6f-8c2e400bb4a2", "yes_price": 32, "yes_price_dollars": "0.3200"}
{"count": 41, "count_fp": "41.00", "created_time": "2026-02-22T17:15:23.943109Z", "no_price": 67, "no_price_dollars": "0.6700", "price": 0.33, "taker_side": "yes", "ticker": "KXINX-26FEB23H1600-B6812", "trade_id": "27dd1a30-c975-49df-9686-6cc2b9c1458b", "yes_price": 33, "yes_price_dollars": "0.3300"}
{"count": 333, "count_fp": "333.00", "created_time": "2026-02-22T00:03:34.832045Z", "no_price": 99, "no_price_dollars": "0.9900", "price": 0.01, "taker_side": "yes", "ticker": "KXINXU-26FEB23H1600-T7274.9999", "trade_id": "58fe13ff-121c-5a59-7093-0b086d5e3b37", "yes_price": 1, "yes_price_dollars": "0.0100"}
{"count": 1, "count_fp": "1.00", "created_time": "2026-02-22T05:14:12.484753Z", "no_price": 9, "no_price_dollars": "0.0900", "price": 0.91, "taker_side": "yes", "ticker": "KXINXU-26FEB23H1600-T7099.9999", "trade_id": "1e41d248-0c77-54af-bb7b-558ad3936f94", "yes_price": 91, "yes_price_dollars": "0.9100"}
{"count": 5, "count_fp": "5.00", "created_time": "2026-02-22T14:07:33.33773Z", "no_price": 99, "no_price_dollars": "0.9900", "price": 0.01, "taker_side": "no", "ticker": "KXINXU-26FEB23H1600-T7074.9999", "trade_id": "c37cbd2e-9199-69f3-972e-13f289217fc9", "yes_price": 1, "yes_price_dollars": "0.0100"}
{"count": 5, "count_fp": "5.00", "created_time": "2026-02-22T18:12:32.388063Z", "no_price": 99, "no_price_dollars": "0.9900", "price": 0.01, "taker_side": "no", "ticker": "KXINXU-26FEB23H1600-T7049.9999", "trade_id": "b83263ea-5268-5339-45c9-05598e005af5", "yes_price": 1, "yes_price_dollars": "0.0100"}
{"count": 1, "count_fp": "1.00", "created_time": "2026-02-22T00:05:15.20871Z", "no_price": 85, "no_price_dollars": "0.8500", "price": 0.15, "taker_side": "yes", "ticker": "KXINXU-26FEB23H1600-T7049.9999", "trade_id": "a6f2a3e7-af0f-7eb2-efcb-a277f22c6c7f", "yes_price": 15, "yes_price_dollars": "0.1500"}
{"count": 1, "count_fp": "1.00", "created_time": "2026-02-22T00:05:15.20871Z", "no_price": 85, "no_price_dollars": "0.8500", "price": 0.15, "taker_side": "yes", "ticker": "KXINXU-26FEB23H1600-T7049.9999", "trade_id": "a3df418c-3f1d-76b8-faaa-2d01e8cbb78c", "yes_price": 15, "yes_price_dollars": "0.1500"}
{"count": 10, "count_fp": "10.00", "created_time": "2026-02-22T07:01:54.780849Z", "no_price": 81, "no_price_dollars": "0.8100", "price": 0.19, "taker_side": "yes", "ticker": "KXINXU-26FEB23H1600-T6999.9999", "trade_id": "4b37374c-6334-4161-e669-7048a5c14ad4", "yes_price": 19, "yes_price_dollars": "0.1900"}
{"count": 5, "count_fp": "5.00", "created_time": "2026-02-22T02:03:19.676349Z", "no_price": 77, "no_price_dollars": "0.7700", "price": 0.23, "taker_side": "yes", "ticker": "KXINXU-26FEB23H1600-T6974.9999", "trade_id": "3d451c48-24d6-4fee-99e3-6be67f922c47", "yes_price": 23, "yes_price_dollars": "0.2300"}
{"count": 5, "count_fp": "5.00", "created_time": "2026-02-22T23:24:57.974309Z", "no_price": 70, "no_price_dollars": "0.7000", "price": 0.3, "taker_side": "no", "ticker": "KXINXU-26FEB23H1600-T6949.9999", "trade_id": "9a446f4e-9f8e-58b8-0a28-02206069d976", "yes_price": 30, "yes_price_dollars": "0.3000"}
{"count": 13, "count_fp": "13.00", "created_time": "2026-02-22T23:24:41.602567Z", "no_price": 69, "no_price_dollars": "0.6900", "price": 0.31, "taker_side": "no", "ticker": "KXINXU-26FEB23H1600-T6949.9999", "trade_id": "4227ceec-a2b4-4178-0502-83f02986abf1", "yes_price": 31, "yes_price_dollars": "0.3100"}
{"count": 15, "count_fp": "15.00", "created_time": "2026-02-22T22:33:16.959076Z", "no_price": 70, "no_price_dollars": "0.7000", "price": 0.3, "taker_side": "no", "ticker": "KXINXU-26FEB23H1600-T6949.9999", "trade_id": "b4424de3-1a66-7774-e46c-a165fdf25912", "yes_price": 30, "yes_price_dollars": "0.3000"}
{"count": 20, "count_fp": "20.00", "created_time": "2026-02-22T22:24:47.128698Z", "no_price": 70, "no_price_dollars": "0.7000", "price": 0.3, "taker_side": "no", "ticker": "KXINXU-26FEB23H1600-T6949.9999", "trade_id": "641ead27-ba5e-4088-6765-fa66c2495532", "yes_price": 30, "yes_price_dollars": "0.3000"}
{"count": 1, "count_fp": "1.00", "created_time": "2026-02-22T20:44:01.004177Z", "no_price": 65, "no_price_dollars": "0.6500", "price": 0.35, "taker_side": "yes", "ticker": "KXINXU-26FEB23H1600-T6949.9999", "trade_id": "cceaadea-7389-781b-39fe-059cf4d7e39f", "yes_price": 35, "yes_price_dollars": "0.3500"}
{"count": 82, "count_fp": "82.00", "created_time": "2026-02-22T20:44:01.004177Z", "no_price": 53, "no_price_dollars": "0.5300", "price": 0.47, "taker_side": "yes", "ticker": "KXINXU-26FEB23H1600-T6949.9999", "trade_id": "b4fd8fa6-4a96-7b84-3777-1b98e0be7222", "yes_price": 47, "yes_price_dollars": "0.4700"}
{"count": 22, "count_fp": "22.00", "created_time": "2026-02-22T20:44:01.004177Z", "no_price": 54, "no_price_dollars": "0.5400", "price": 0.46, "taker_side": "yes", "ticker": "KXINXU-26FEB23H1600-T6949.9999", "trade_id": "24dbfa27-609f-7d55-324b-368a8845b70a", "yes_price": 46, "yes_price_dollars": "0.4600"}
{"count": 20, "count_fp": "20.00", "created_time": "2026-02-22T19:16:57.228338Z", "no_price": 79, "no_price_dollars": "0.7900", "price": 0.21, "taker_side": "no", "ticker": "KXINXU-26FEB23H1600-T6949.9999", "trade_id": "64735d70-e792-4ef0-d7a5-b6bdced6a39e", "yes_price": 21, "yes_price_dollars": "0.2100"}
{"count": 1, "count_fp": "1.00", "created_time": "2026-02-22T18:17:17.780082Z", "no_price": 63, "no_price_dollars": "0.6300", "price": 0.37, "taker_side": "yes", "ticker": "KXINXU-26FEB23H1600-T6949.9999", "trade_id": "4267578e-d087-5bf9-c844-fe25ad7d8a80", "yes_price": 37, "yes_price_dollars": "0.3700"}
{"count": 13, "count_fp": "13.00", "created_time": "2026-02-22T18:07:01.857081Z", "no_price": 64, "no_price_dollars": "0.6400", "price": 0.36, "taker_side": "yes", "ticker": "KXINXU-26FEB23H1600-T6949.9999", "trade_id": "dcf3c3d4-567e-66d6-ac8a-b7d02c0997df", "yes_price": 36, "yes_price_dollars": "0.3600"}
{"count": 9, "count_fp": "9.00", "created_time": "2026-02-22T15:51:00.810388Z", "no_price": 58, "no_price_dollars": "0.5800", "price": 0.42, "taker_side": "yes", "ticker": "KXINXU-26FEB23H1600-T6949.9999", "trade_id": "85737f22-410b-6af5-fdbe-9f69ff6f16ef", "yes_price": 42, "yes_price_dollars": "0.4200"}
{"count": 14, "count_fp": "14.00", "created_time": "2026-02-22T15:51:00.810388Z", "no_price": 58, "no_price_dollars": "0.5800", "price": 0.42, "taker_side": "yes", "ticker": "KXINXU-26FEB23H1600-T6949.9999", "trade_id": "6502514a-0283-6980-c3e9-ac5b2f5c12bb", "yes_price": 42, "yes_price_dollars": "0.4200"}
{"count": 30, "count_fp": "30.00", "created_time": "2026-02-22T06:10:00.814994Z", "no_price": 61, "no_price_dollars": "0.6100", "price": 0.39, "taker_side": "yes", "ticker": "KXINXU-26FEB23H1600-T6949.9999", "trade_id": "93c69a59-b75f-5ba8-b426-40b81806e30e", "yes_price": 39, "yes_price_dollars": "0.3900"}
{"count": 2, "count_fp": "2.00", "created_time": "2026-02-22T05:36:26.848358Z", "no_price": 58, "no_price_dollars": "0.5800", "price": 0.42, "taker_side": "yes", "ticker": "KXINXU-26FEB23H1600-T6949.9999", "trade_id": "499de125-68b4-5883-2dad-296559c5348f", "yes_price": 42, "yes_price_dollars": "0.4200"}
{"count": 2, "count_fp": "2.00", "created_time": "2026-02-22T01:33:27.979825Z", "no_price": 56, "no_price_dollars": "0.5600", "price": 0.44, "taker_side": "yes", "ticker": "KXINXU-26FEB23H1600-T6949.9999", "trade_id": "2e62ac7a-7ace-4179-6a3d-fe2dc81534fb", "yes_price": 44, "yes_price_dollars": "0.4400"}
{"count": 1, "count_fp": "1.00", "created_time": "2026-02-22T01:27:45.199054Z", "no_price": 59, "no_price_dollars": "0.5900", "price": 0.41, "taker_side": "no", "ticker": "KXINXU-26FEB23H1600-T6949.9999", "trade_id": "2bd586a5-319e-576c-b6c0-a0712765f869", "yes_price": 41, "yes_price_dollars": "0.4100"}
{"count": 1, "count_fp": "1.00", "created_time": "2026-02-22T01:27:30.673286Z", "no_price": 58, "no_price_dollars": "0.5800", "price": 0.42, "taker_side": "no", "ticker": "KXINXU-26FEB23H1600-T6949.9999", "trade_id": "e0a670ed-4899-5f54-53ee-7ad5acc85ccf", "yes_price": 42, "yes_price_dollars": "0.4200"}
{"count": 34, "count_fp": "34.00", "created_time": "2026-02-22T00:04:25.498992Z", "no_price": 73, "no_price_dollars": "0.7300", "price": 0.27, "taker_side": "yes", "ticker": "KXINXU-26FEB23H1600-T6949.9999", "trade_id": "143703ed-9c82-4a02-f875-33c48e9b8cb2", "yes_price": 27, "yes_price_dollars": "0.2700"}
{"count": 8, "count_fp": "8.00", "created_time": "2026-02-22T00:00:05.360896Z", "no_price": 86, "no_price_dollars": "0.8600", "price": 0.14, "taker_side": "no", "ticker": "KXINXU-26FEB23H1600-T6949.9999", "trade_id": "521bf4e8-1821-526c-c6a8-55bf950748aa", "yes_price": 14, "yes_price_dollars": "0.1400"}
{"count": 2, "count_fp": "2.00", "created_time": "2026-02-22T00:00:05.360896Z", "no_price": 85, "no_price_dollars": "0.8500", "price": 0.15, "taker_side": "no", "ticker": "KXINXU-26FEB23H1600-T6949.9999", "trade_id": "3989c571-ab32-50dc-f4c3-0af681532d6c", "yes_price": 15, "yes_price_dollars": "0.1500"}
{"count": 57, "count_fp": "57.00", "created_time": "2026-02-22T22:35:58.358762Z", "no_price": 36, "no_price_dollars": "0.3600", "price": 0.64, "taker_side": "no", "ticker": "KXINXU-26FEB23H1600-T6924.9999", "trade_id": "067cef64-1467-49f3-2bbc-3e45b31568d4", "yes_price": 64, "yes_price_dollars": "0.6400"}
{"count": 10, "count_fp": "10.00", "created_time": "2026-02-22T22:33:04.020815Z", "no_price": 36, "no_price_dollars": "0.3600", "price": 0.64, "taker_side": "no", "ticker": "KXINXU-26FEB23H1600-T6924.9999", "trade_id": "fb6fb705-c60b-5f3b-07bd-b3a2bf98a958", "yes_price": 64, "yes_price_dollars": "0.6400"}
{"count": 1, "count_fp": "1.00", "created_time": "2026-02-22T22:32:51.748295Z", "no_price": 36, "no_price_dollars": "0.3600", "price": 0.64, "taker_side": "no", "ticker": "KXINXU-26FEB23H1600-T6924.9999", "trade_id": "c67565a7-cd43-47ef-35fa-362bbd996ae8", "yes_price": 64, "yes_price_dollars": "0.6400"}
{"count": 24, "count_fp": "24.00", "created_time": "2026-02-22T22:32:50.532425Z", "no_price": 36, "no_price_dollars": "0.3600", "price": 0.64, "taker_side": "no", "ticker": "KXINXU-26FEB23H1600-T6924.9999", "trade_id": "16875b73-1fbb-58d7-e300-b312d2a12100", "yes_price": 64, "yes_price_dollars": "0.6400"}
{"count": 58, "count_fp": "58.00", "created_time": "2026-02-22T22:32:50.507122Z", "no_price": 36, "no_price_dollars": "0.3600", "price": 0.64, "taker_side": "yes", "ticker": "KXINXU-26FEB23H1600-T6924.9999", "trade_id": "b7f5b6d4-2c49-6d04-ca6a-5233feb0f45f", "yes_price": 64, "yes_price_dollars": "0.6400"}
{"count": 3, "count_fp": "3.00", "created_time": "2026-02-22T20:54:18.185895Z", "no_price": 87, "no_price_dollars": "0.8700", "price": 0.13, "taker_side": "no", "ticker": "KXINXU-26FEB23H1600-T6924.9999", "trade_id": "588526e3-70d1-44d4-4b0a-3fe7d68b1385", "yes_price": 13, "yes_price_dollars": "0.1300"}
{"count": 37, "count_fp": "37.00", "created_time": "2026-02-22T20:54:18.185895Z", "no_price": 65, "no_price_dollars": "0.6500", "price": 0.35, "taker_side": "no", "ticker": "KXINXU-26FEB23H1600-T6924.9999", "trade_id": "47dabfc0-e435-4213-6296-e7aded53c931", "yes_price": 35, "yes_price_dollars": "0.3500"}
{"count": 40, "count_fp": "40.00", "created_time": "2026-02-22T20:53:55.03602Z", "no_price": 36, "no_price_dollars": "0.3600", "price": 0.64, "taker_side": "yes", "ticker": "KXINXU-26FEB23H1600-T6924.9999", "trade_id": "b13ddf6c-ff77-45c5-7476-aa89807ef5d2", "yes_price": 64, "yes_price_dollars": "0.6400"}
{"count": 8, "count_fp": "8.00", "created_time": "2026-02-22T20:24:42.594342Z", "no_price": 65, "no_price_dollars": "0.6500", "price": 0.35, "taker_side": "no", "ticker": "KXINXU-26FEB23H1600-T6924.9999", "trade_id": "230be0b3-02ed-7b23-33f1-c0dbaac6e825", "yes_price": 35, "yes_price_dollars": "0.3500"}
{"count": 11, "count_fp": "11.00", "created_time": "2026-02-22T20:23:05.491987Z", "no_price": 64, "no_price_dollars": "0.6400", "price": 0.36, "taker_side": "no", "ticker": "KXINXU-26FEB23H1600-T6924.9999", "trade_id": "7edd83f8-c28b-71be-e037-46eeec18dd0b", "yes_price": 36, "yes_price_dollars": "0.3600"}
{"count": 12, "count_fp": "12.00", "created_time": "2026-02-22T18:48:43.768358Z", "no_price": 35, "no_price_dollars": "0.3500", "price": 0.65, "taker_side": "yes", "ticker": "KXINXU-26FEB23H1600-T6924.9999", "trade_id": "90cd0c17-1844-7677-69fc-2ca3c502a3ce", "yes_price": 65, "yes_price_dollars": "0.6500"}
{"count": 26, "count_fp": "26.00", "created_time": "2026-02-22T18:48:43.768358Z", "no_price": 36, "no_price_dollars": "0.3600", "price": 0.64, "taker_side": "yes", "ticker": "KXINXU-26FEB23H1600-T6924.9999", "trade_id": "73f10c0c-221a-78ff-5147-b686d5b4a97f", "yes_price": 64, "yes_price_dollars": "0.6400"}
{"count": 1, "count_fp": "1.00", "created_time": "2026-02-22T15:39:36.472726Z", "no_price": 64, "no_price_dollars": "0.6400", "price": 0.36, "taker_side": "no", "ticker": "KXINXU-26FEB23H1600-T6924.9999", "trade_id": "6c592cdd-05df-6a7c-d69e-a27380b08ae8", "yes_price": 36, "yes_price_dollars": "0.3600"}
{"count": 110, "count_fp": "110.00", "created_time": "2026-02-22T13:57:23.606282Z", "no_price": 35, "no_price_dollars": "0.3500", "price": 0.65, "taker_side": "yes", "ticker": "KXINXU-26FEB23H1600-T6924.9999", "trade_id": "6b879f8c-49ac-70db-d039-79a5b8ba2876", "yes_price": 65, "yes_price_dollars": "0.6500"}
{"count": 32, "count_fp": "32.00", "created_time": "2026-02-22T13:57:23.606282Z", "no_price": 36, "no_price_dollars": "0.3600", "price": 0.64, "taker_side": "yes", "ticker": "KXINXU-26FEB23H1600-T6924.9999", "trade_id": "1fa36925-f256-79d8-e853-fccee9512487", "yes_price": 64, "yes_price_dollars": "0.6400"}
{"count": 10, "count_fp": "10.00", "created_time": "2026-02-22T13:57:23.606282Z", "no_price": 36, "no_price_dollars": "0.3600", "price": 0.64, "taker_side": "yes", "ticker": "KXINXU-26FEB23H1600-T6924.9999", "trade_id": "09b46e39-ffad-7dc8-e143-32d36a0d0444", "yes_price": 64, "yes_price_dollars": "0.6400"}
{"count": 34, "count_fp": "34.00", "created_time": "2026-02-22T06:49:17.677181Z", "no_price": 65, "no_price_dollars": "0.6500", "price": 0.35, "taker_side": "no", "ticker": "KXINXU-26FEB23H1600-T6924.9999", "trade_id": "ce5d8096-6971-76a3-bf22-d9cf5fb1e829", "yes_price": 35, "yes_price_dollars": "0.3500"}
{"count": 1, "count_fp": "1.00", "created_time": "2026-02-22T05:36:32.807952Z", "no_price": 65, "no_price_dollars": "0.6500", "price": 0.35, "taker_side": "no", "ticker": "KXINXU-26FEB23H1600-T6924.9999", "trade_id": "04368467-5ce1-4253-50b0-3a521ebb48c1", "yes_price": 35, "yes_price_dollars": "0.3500"}
{"count": 3, "count_fp": "3.00", "created_time": "2026-02-22T03:18:20.188499Z", "no_price": 80, "no_price_dollars": "0.8000", "price": 0.2, "taker_side": "no", "ticker": "KXINXU-26FEB23H1600-T6924.9999", "trade_id": "cba6dd0e-6f54-6aa5-d1c1-b03c3348e4a9", "yes_price": 20, "yes_price_dollars": "0.2000"}
{"count": 5, "count_fp": "5.00", "created_time": "2026-02-22T02:07:09.327169Z", "no_price": 21, "no_price_dollars": "0.2100", "price": 0.79, "taker_side": "yes", "ticker": "KXINXU-26FEB23H1600-T6924.9999", "trade_id": "bf6b9e90-e36b-44da-38af-291eb8743151", "yes_price": 79, "yes_price_dollars": "0.7900"}
{"count": 1, "count_fp": "1.00", "created_time": "2026-02-22T02:07:09.327169Z", "no_price": 21, "no_price_dollars": "0.2100", "price": 0.79, "taker_side": "yes", "ticker": "KXINXU-26FEB23H1600-T6924.9999", "trade_id": "4a034c6e-a284-419b-341f-149d093cf241", "yes_price": 79, "yes_price_dollars": "0.7900"}
{"count": 3, "count_fp": "3.00", "created_time": "2026-02-22T01:56:14.389524Z", "no_price": 21, "no_price_dollars": "0.2100", "price": 0.79, "taker_side": "yes", "ticker": "KXINXU-26FEB23H1600-T6924.9999", "trade_id": "84592835-ce85-522d-9e8f-a843a97a03a8", "yes_price": 79, "yes_price_dollars": "0.7900"}
{"count": 1, "count_fp": "1.00", "created_time": "2026-02-22T01:33:31.799056Z", "no_price": 21, "no_price_dollars": "0.2100", "price": 0.79, "taker_side": "yes", "ticker": "KXINXU-26FEB23H1600-T6924.9999", "trade_id": "5b1bf1c3-6f33-4d26-2ad6-977d1aad6b34", "yes_price": 79, "yes_price_dollars": "0.7900"}
{"count": 128, "count_fp": "128.00", "created_time": "2026-02-22T23:17:47.729085Z", "no_price": 45, "no_price_dollars": "0.4500", "price": 0.55, "taker_side": "no", "ticker": "KXINXU-26FEB23H1600-T6899.9999", "trade_id": "330a3d16-bfb4-5d6d-59d0-d4bc86907424", "yes_price": 55, "yes_price_dollars": "0.5500"}
{"count": 12, "count_fp": "12.00", "created_time": "2026-02-22T23:05:27.650749Z", "no_price": 45, "no_price_dollars": "0.4500", "price": 0.55, "taker_side": "no", "ticker": "KXINXU-26FEB23H1600-T6899.9999", "trade_id": "59ab071a-47e8-7f25-eb9b-91e351564c70", "yes_price": 55, "yes_price_dollars": "0.5500"}
{"count": 4, "count_fp": "4.00", "created_time": "2026-02-22T23:04:54.91029Z", "no_price": 44, "no_price_dollars": "0.4400", "price": 0.56, "taker_side": "no", "ticker": "KXINXU-26FEB23H1600-T6899.9999", "trade_id": "73204334-0846-4684-d94c-7f2e88417d90", "yes_price": 56, "yes_price_dollars": "0.5600"}
{"count": 5, "count_fp": "5.00", "created_time": "2026-02-22T23:01:45.891892Z", "no_price": 42, "no_price_dollars": "0.4200", "price": 0.58, "taker_side": "no", "ticker": "KXINXU-26FEB23H1600-T6899.9999", "trade_id": "72bad2a9-7994-6c85-9f49-457e2576f5e0", "yes_price": 58, "yes_price_dollars": "0.5800"}
{"count": 40, "count_fp": "40.00", "created_time": "2026-02-22T22:39:00.616128Z", "no_price": 33, "no_price_dollars": "0.3300", "price": 0.67, "taker_side": "no", "ticker": "KXINXU-26FEB23H1600-T6899.9999", "trade_id": "20beea89-8efc-50a6-18a2-8297f598e232", "yes_price": 67, "yes_price_dollars": "0.6700"}
{"count": 14, "count_fp": "14.00", "created_time": "2026-02-22T22:38:29.951728Z", "no_price": 14, "no_price_dollars": "0.1400", "price": 0.86, "taker_side": "no", "ticker": "KXINXU-26FEB23H1600-T6899.9999", "trade_id": "a51ac3e3-ffd0-5d71-a4b8-8b0e4157a055", "yes_price": 86, "yes_price_dollars": "0.8600"}
{"count": 46, "count_fp": "46.00", "created_time": "2026-02-22T22:37:09.900031Z", "no_price": 33, "no_price_dollars": "0.3300", "price": 0.67, "taker_side": "no", "ticker": "KXINXU-26FEB23H1600-T6899.9999", "trade_id": "2fd58b5e-46cc-7b6e-a0c1-08b1b31e5f7e", "yes_price": 67, "yes_price_dollars": "0.6700"}
{"count": 4, "count_fp": "4.00", "created_time": "2026-02-22T22:37:09.784135Z", "no_price": 33, "no_price_dollars": "0.3300", "price": 0.67, "taker_side": "yes", "ticker": "KXINXU-26FEB23H1600-T6899.9999", "trade_id": "5fe1aa0d-7d87-45d4-cb6e-a5211d8f98dd", "yes_price": 67, "yes_price_dollars": "0.6700"}
{"count": 10, "count_fp": "10.00", "created_time": "2026-02-22T22:33:04.113964Z", "no_price": 40, "no_price_dollars": "0.4000", "price": 0.6, "taker_side": "yes", "ticker": "KXINXU-26FEB23H1600-T6899.9999", "trade_id": "f0a52ab6-91f9-5a47-0668-a4cafaaa0b2a", "yes_price": 60, "yes_price_dollars": "0.6000"}
{"count": 10, "count_fp": "10.00", "created_time": "2026-02-22T22:32:32.982927Z", "no_price": 45, "no_price_dollars": "0.4500", "price": 0.55, "taker_side": "yes", "ticker": "KXINXU-26FEB23H1600-T6899.9999", "trade_id": "6a6caa6b-3a3c-7163-1f80-d42baa129ec2", "yes_price": 55, "yes_price_dollars": "0.5500"}
{"count": 10, "count_fp": "10.00", "created_time": "2026-02-22T20:59:23.637569Z", "no_price": 60, "no_price_dollars": "0.6000", "price": 0.4, "taker_side": "no", "ticker": "KXINXU-26FEB23H1600-T6899.9999", "trade_id": "6c3f1103-64be-55db-0b1a-783e1a654e0e", "yes_price": 40, "yes_price_dollars": "0.4000"}
{"count": 28, "count_fp": "28.00", "created_time": "2026-02-22T20:59:23.637569Z", "no_price": 58, "no_price_dollars": "0.5800", "price": 0.42, "taker_side": "no", "ticker": "KXINXU-26FEB23H1600-T6899.9999", "trade_id": "5059c5e5-1a60-5a6a-0b73-3e8dc3b905fb", "yes_price": 42, "yes_price_dollars": "0.4200"}
{"count": 2, "count_fp": "2.00", "created_time": "2026-02-22T20:59:23.637569Z", "no_price": 59, "no_price_dollars": "0.5900", "price": 0.41, "taker_side": "no", "ticker": "KXINXU-26FEB23H1600-T6899.9999", "trade_id": "025964ce-3a41-5b62-042c-109c5fa87f2b", "yes_price": 41, "yes_price_dollars": "0.4100"}
{"count": 40, "count_fp": "40.00", "created_time": "2026-02-22T20:57:30.608695Z", "no_price": 33, "no_price_dollars": "0.3300", "price": 0.67, "taker_side": "yes", "ticker": "KXINXU-26FEB23H1600-T6899.9999", "trade_id": "2b22da01-ea57-7924-e26b-84782c13858d", "yes_price": 67, "yes_price_dollars": "0.6700"}
{"count": 36, "count_fp": "36.00", "created_time": "2026-02-22T20:56:09.031212Z", "no_price": 33, "no_price_dollars": "0.3300", "price": 0.67, "taker_side": "yes", "ticker": "KXINXU-26FEB23H1600-T6899.9999", "trade_id": "745092df-5323-483c-55ed-99f9502f23b5", "yes_price": 67, "yes_price_dollars": "0.6700"}
{"count": 40, "count_fp": "40.00", "created_time": "2026-02-22T20:55:40.300377Z", "no_price": 34, "no_price_dollars": "0.3400", "price": 0.66, "taker_side": "yes", "ticker": "KXINXU-26FEB23H1600-T6899.9999", "trade_id": "2d964614-17f1-6d2d-2d6b-ad833135058e", "yes_price": 66, "yes_price_dollars": "0.6600"}
{"count": 3, "count_fp": "3.00", "created_time": "2026-02-22T20:55:13.878594Z", "no_price": 59, "no_price_dollars": "0.5900", "price": 0.41, "taker_side": "no", "ticker": "KXINXU-26FEB23H1600-T6899.9999", "trade_id": "becc9421-a30a-59dc-35d7-a4f4aa83cffd", "yes_price": 41, "yes_price_dollars": "0.4100"}
{"count": 37, "count_fp": "37.00", "created_time": "2026-02-22T20:55:13.878594Z", "no_price": 60, "no_price_dollars": "0.6000", "price": 0.4, "taker_side": "no", "ticker": "KXINXU-26FEB23H1600-T6899.9999", "trade_id": "82bd28b3-b6ea-52ff-0e18-e1e672d631de", "yes_price": 40, "yes_price_dollars": "0.4000"}
{"count": 19, "count_fp": "19.00", "created_time": "2026-02-22T20:46:07.180823Z", "no_price": 34, "no_price_dollars": "0.3400", "price": 0.66, "taker_side": "yes", "ticker": "KXINXU-26FEB23H1600-T6899.9999", "trade_id": "42915fef-782f-64ba-5e0f-87dc73df3c3c", "yes_price": 66, "yes_price_dollars": "0.6600"}
{"count": 3, "count_fp": "3.00", "created_time": "2026-02-22T19:32:50.924055Z", "no_price": 59, "no_price_dollars": "0.5900", "price": 0.41, "taker_side": "no", "ticker": "KXINXU-26FEB23H1600-T6899.9999", "trade_id": "367e0af2-f24b-7985-80e0-04921d57a1ec", "yes_price": 41, "yes_price_dollars": "0.4100"}
{"count": 80, "count_fp": "80.00", "created_time": "2026-02-22T16:27:14.412681Z", "no_price": 55, "no_price_dollars": "0.5500", "price": 0.45, "taker_side": "yes", "ticker": "KXINXU-26FEB23H1600-T6899.9999", "trade_id": "93d7b276-82a9-7a44-4c5e-bbddabc1a3c0", "yes_price": 45, "yes_price_dollars": "0.4500"}
{"count": 34, "count_fp": "34.00", "created_time": "2026-02-22T16:26:33.391708Z", "no_price": 58, "no_price_dollars": "0.5800", "price": 0.42, "taker_side": "yes", "ticker": "KXINXU-26FEB23H1600-T6899.9999", "trade_id": "c7fef1fd-292e-41d3-f0fa-5fd7836bf5f1", "yes_price": 42, "yes_price_dollars": "0.4200"}
{"count": 42, "count_fp": "42.00", "created_time": "2026-02-22T16:25:39.769208Z", "no_price": 59, "no_price_dollars": "0.5900", "price": 0.41, "taker_side": "yes", "ticker": "KXINXU-26FEB23H1600-T6899.9999", "trade_id": "db44beaa-7c32-662c-6b7a-d960de52a366", "yes_price": 41, "yes_price_dollars": "0.4100"}
{"count": 14, "count_fp": "14.00", "created_time": "2026-02-22T16:25:04.001947Z", "no_price": 60, "no_price_dollars": "0.6000", "price": 0.4, "taker_side": "yes", "ticker": "KXINXU-26FEB23H1600-T6899.9999", "trade_id": "5751441a-1817-4880-ab01-9f292a733f46", "yes_price": 40, "yes_price_dollars": "0.4000"}
{"count": 42, "count_fp": "42.00", "created_time": "2026-02-22T16:21:21.258801Z", "no_price": 62, "no_price_dollars": "0.6200", "price": 0.38, "taker_side": "yes", "ticker": "KXINXU-26FEB23H1600-T6899.9999", "trade_id": "b82596b4-039a-6ca2-d17b-fa4fbb7bd52f", "yes_price": 38, "yes_price_dollars": "0.3800"}
{"count": 17, "count_fp": "17.00", "created_time": "2026-02-22T16:21:21.258801Z", "no_price": 60, "no_price_dollars": "0.6000", "price": 0.4, "taker_side": "yes", "ticker": "KXINXU-26FEB23H1600-T6899.9999", "trade_id": "abfc5689-f53f-69d4-e416-7dd51f6a6c02", "yes_price": 40, "yes_price_dollars": "0.4000"}
{"count": 4, "count_fp": "4.00", "created_time": "2026-02-22T16:21:21.258801Z", "no_price": 63, "no_price_dollars": "0.6300", "price": 0.37, "taker_side": "yes", "ticker": "KXINXU-26FEB23H1600-T6899.9999", "trade_id": "8eddf91b-2bf1-69a2-dd41-2f18903abe93", "yes_price": 37, "yes_price_dollars": "0.3700"}
{"count": 4, "count_fp": "4.00", "created_time": "2026-02-22T16:09:53.630766Z", "no_price": 62, "no_price_dollars": "0.6200", "price": 0.38, "taker_side": "yes", "ticker": "KXINXU-26FEB23H1600-T6899.9999", "trade_id": "723be51b-b635-5685-5d3a-1e29e68f1474", "yes_price": 38, "yes_price_dollars": "0.3800"}
{"count": 22, "count_fp": "22.00", "created_time": "2026-02-22T16:09:53.630766Z", "no_price": 62, "no_price_dollars": "0.6200", "price": 0.38, "taker_side": "yes", "ticker": "KXINXU-26FEB23H1600-T6899.9999", "trade_id": "625b8c05-fbd4-5c2b-5a9e-78b8867cc7fa", "yes_price": 38, "yes_price_dollars": "0.3800"}
{"count": 42, "count_fp": "42.00", "created_time": "2026-02-22T16:02:15.858454Z", "no_price": 61, "no_price_dollars": "0.6100", "price": 0.39, "taker_side": "yes", "ticker": "KXINXU-26FEB23H1600-T6899.9999", "trade_id": "6f1b2f95-92d7-4afe-59af-bba57302b13c", "yes_price": 39, "yes_price_dollars": "0.3900"}
{"count": 8, "count_fp": "8.00", "created_time": "2026-02-22T16:02:15.858454Z", "no_price": 60, "no_price_dollars": "0.6000", "price": 0.4, "taker_side": "yes", "ticker": "KXINXU-26FEB23H1600-T6899.9999", "trade_id": "14b81ff2-535f-409c-7394-e744d8f21b22", "yes_price": 40, "yes_price_dollars": "0.4000"}
{"count": 3, "count_fp": "3.00", "created_time": "2026-02-22T16:00:42.104253Z", "no_price": 61, "no_price_dollars": "0.6100", "price": 0.39, "taker_side": "yes", "ticker": "KXINXU-26FEB23H1600-T6899.9999", "trade_id": "8faacbbb-8fb4-72e3-f885-e4e3226898f9", "yes_price": 39, "yes_price_dollars": "0.3900"}
{"count": 3, "count_fp": "3.00", "created_time": "2026-02-22T15:46:45.453294Z", "no_price": 60, "no_price_dollars": "0.6000", "price": 0.4, "taker_side": "yes", "ticker": "KXINXU-26FEB23H1600-T6899.9999", "trade_id": "dde367e9-f9df-5b78-ccb9-7e707c68cf16", "yes_price": 40, "yes_price_dollars": "0.4000"}
{"count": 13, "count_fp": "13.00", "created_time": "2026-02-22T14:26:08.788605Z", "no_price": 57, "no_price_dollars": "0.5700", "price": 0.43, "taker_side": "yes", "ticker": "KXINXU-26FEB23H1600-T6899.9999", "trade_id": "75ceee89-41a0-6188-f3c3-02b98f63bd6f", "yes_price": 43, "yes_price_dollars": "0.4300"}
{"count": 31, "count_fp": "31.00", "created_time": "2026-02-22T14:26:08.788605Z", "no_price": 56, "no_price_dollars": "0.5600", "price": 0.44, "taker_side": "yes", "ticker": "KXINXU-26FEB23H1600-T6899.9999", "trade_id": "2c18bdcb-e39c-6740-f7f8-e8beef04b849", "yes_price": 44, "yes_price_dollars": "0.4400"}
{"count": 21, "count_fp": "21.00", "created_time": "2026-02-22T14:00:34.668327Z", "no_price": 56, "no_price_dollars": "0.5600", "price": 0.44, "taker_side": "yes", "ticker": "KXINXU-26FEB23H1600-T6899.9999", "trade_id": "b8cf4eef-7fc6-70bc-a53c-de1b31d84b33", "yes_price": 44, "yes_price_dollars": "0.4400"}
{"count": 12, "count_fp": "12.00", "created_time": "2026-02-22T14:00:34.668327Z", "no_price": 57, "no_price_dollars": "0.5700", "price": 0.43, "taker_side": "yes", "ticker": "KXINXU-26FEB23H1600-T6899.9999", "trade_id": "673bca9d-fe20-77d5-9163-bbfdea7f7d61", "yes_price": 43, "yes_price_dollars": "0.4300"}
{"count": 3, "count_fp": "3.00", "created_time": "2026-02-22T09:54:30.067837Z", "no_price": 56, "no_price_dollars": "0.5600", "price": 0.44, "taker_side": "yes", "ticker": "KXINXU-26FEB23H1600-T6899.9999", "trade_id": "c545c2fb-5967-6fd6-c757-8872c406d87d", "yes_price": 44, "yes_price_dollars": "0.4400"}
{"count": 2, "count_fp": "2.00", "created_time": "2026-02-22T08:26:53.04188Z", "no_price": 56, "no_price_dollars": "0.5600", "price": 0.44, "taker_side": "yes", "ticker": "KXINXU-26FEB23H1600-T6899.9999", "trade_id": "f2af1196-42a8-5320-4e92-b4e5ec693455", "yes_price": 44, "yes_price_dollars": "0.4400"}
{"count": 33, "count_fp": "33.00", "created_time": "2026-02-22T07:47:19.016089Z", "no_price": 56, "no_price_dollars": "0.5600", "price": 0.44, "taker_side": "yes", "ticker": "KXINXU-26FEB23H1600-T6899.9999", "trade_id": "9029047e-5161-4b3f-de93-7532e1ed1743", "yes_price": 44, "yes_price_dollars": "0.4400"}
{"count": 6, "count_fp": "6.00", "created_time": "2026-02-22T06:22:06.982042Z", "no_price": 54, "no_price_dollars": "0.5400", "price": 0.46, "taker_side": "yes", "ticker": "KXINXU-26FEB23H1600-T6899.9999", "trade_id": "682bede5-53b8-41c6-4bd1-65bda1c9c411", "yes_price": 46, "yes_price_dollars": "0.4600"}
{"count": 30, "count_fp": "30.00", "created_time": "2026-02-22T06:11:00.662965Z", "no_price": 53, "no_price_dollars": "0.5300", "price": 0.47, "taker_side": "yes", "ticker": "KXINXU-26FEB23H1600-T6899.9999", "trade_id": "dc67b9d2-c411-6f65-2749-fb465d697ae1", "yes_price": 47, "yes_price_dollars": "0.4700"}
{"count": 10, "count_fp": "10.00", "created_time": "2026-02-22T04:56:43.46259Z", "no_price": 51, "no_price_dollars": "0.5100", "price": 0.49, "taker_side": "yes", "ticker": "KXINXU-26FEB23H1600-T6899.9999", "trade_id": "14085091-62b0-5d76-7274-d87d8adced11", "yes_price": 49, "yes_price_dollars": "0.4900"}
{"count": 26, "count_fp": "26.00", "created_time": "2026-02-22T04:36:27.412672Z", "no_price": 75, "no_price_dollars": "0.7500", "price": 0.25, "taker_side": "no", "ticker": "KXINXU-26FEB23H1600-T6899.9999", "trade_id": "b50f13e7-9a24-642e-fe75-8eb5e3ed80f4", "yes_price": 25, "yes_price_dollars": "0.2500"}
{"count": 6, "count_fp": "6.00", "created_time": "2026-02-22T00:37:50.011008Z", "no_price": 79, "no_price_dollars": "0.7900", "price": 0.21, "taker_side": "no", "ticker": "KXINXU-26FEB23H1600-T6899.9999", "trade_id": "57f916d4-7e5e-6bb2-9180-800ef7ceebfe", "yes_price": 21, "yes_price_dollars": "0.2100"}
{"count": 27, "count_fp": "27.00", "created_time": "2026-02-22T23:43:52.154643Z", "no_price": 36, "no_price_dollars": "0.3600", "price": 0.64, "taker_side": "yes", "ticker": "KXINXU-26FEB23H1600-T6874.9999", "trade_id": "c447a069-4748-5a71-a1f0-e4194e940466", "yes_price": 64, "yes_price_dollars": "0.6400"}
{"count": 9, "count_fp": "9.00", "created_time": "2026-02-22T23:22:22.097208Z", "no_price": 38, "no_price_dollars": "0.3800", "price": 0.62, "taker_side": "yes", "ticker": "KXINXU-26FEB23H1600-T6874.9999", "trade_id": "70be5ef3-843c-7998-ddcf-15b3a67786b5", "yes_price": 62, "yes_price_dollars": "0.6200"}
{"count": 40, "count_fp": "40.00", "created_time": "2026-02-22T22:39:00.712804Z", "no_price": 35, "no_price_dollars": "0.3500", "price": 0.65, "taker_side": "yes", "ticker": "KXINXU-26FEB23H1600-T6874.9999", "trade_id": "44bbd2bd-e870-6513-c53e-2a67be97317b", "yes_price": 65, "yes_price_dollars": "0.6500"}
{"count": 40, "count_fp": "40.00", "created_time": "2026-02-22T22:39:00.52175Z", "no_price": 35, "no_price_dollars": "0.3500", "price": 0.65, "taker_side": "yes", "ticker": "KXINXU-26FEB23H1600-T6874.9999", "trade_id": "44dfbb5c-0f30-4537-4e0c-80a4c237af5b", "yes_price": 65, "yes_price_dollars": "0.6500"}
{"count": 14, "count_fp": "14.00", "created_time": "2026-02-22T22:38:30.240885Z", "no_price": 35, "no_price_dollars": "0.3500", "price": 0.65, "taker_side": "yes", "ticker": "KXINXU-26FEB23H1600-T6874.9999", "trade_id": "bc8b6f60-98b8-63ab-de9a-63ec08f658a3", "yes_price": 65, "yes_price_dollars": "0.6500"}
{"count": 14, "count_fp": "14.00", "created_time": "2026-02-22T22:38:30.092429Z", "no_price": 35, "no_price_dollars": "0.3500", "price": 0.65, "taker_side": "yes", "ticker": "KXINXU-26FEB23H1600-T6874.9999", "trade_id": "4a9ca3bd-1f1c-40df-e6da-efa74df57303", "yes_price": 65, "yes_price_dollars": "0.6500"}
{"count": 46, "count_fp": "46.00", "created_time": "2026-02-22T22:37:09.995942Z", "no_price": 36, "no_price_dollars": "0.3600", "price": 0.64, "taker_side": "yes", "ticker": "KXINXU-26FEB23H1600-T6874.9999", "trade_id": "0408e365-6afd-7b90-9938-dbf818f1e8cf", "yes_price": 64, "yes_price_dollars": "0.6400"}
{"count": 12, "count_fp": "12.00", "created_time": "2026-02-22T22:35:58.465236Z", "no_price": 37, "no_price_dollars": "0.3700", "price": 0.63, "taker_side": "yes", "ticker": "KXINXU-26FEB23H1600-T6874.9999", "trade_id": "ea52f455-d406-7489-00f2-e86dc4c865a0", "yes_price": 63, "yes_price_dollars": "0.6300"}
{"count": 57, "count_fp": "57.00", "created_time": "2026-02-22T22:35:58.264277Z", "no_price": 37, "no_price_dollars": "0.3700", "price": 0.63, "taker_side": "yes", "ticker": "KXINXU-26FEB23H1600-T6874.9999", "trade_id": "76c04587-5272-5dfd-8e37-6a4e816acb20", "yes_price": 63, "yes_price_dollars": "0.6300"}
{"count": 15, "count_fp": "15.00", "created_time": "2026-02-22T22:33:03.538331Z", "no_price": 85, "no_price_dollars": "0.8500", "price": 0.15, "taker_side": "no", "ticker": "KXINXU-26FEB23H1600-T6874.9999", "trade_id": "22fd3a0a-c6b8-7c52-2bca-a278e6ff01e0", "yes_price": 15, "yes_price_dollars": "0.1500"}
{"count": 1, "count_fp": "1.00", "created_time": "2026-02-22T22:32:51.747382Z", "no_price": 35, "no_price_dollars": "0.3500", "price": 0.65, "taker_side": "yes", "ticker": "KXINXU-26FEB23H1600-T6874.9999", "trade_id": "4fa0c82a-4060-7b77-c654-aa85b343b817", "yes_price": 65, "yes_price_dollars": "0.6500"}
{"count": 24, "count_fp": "24.00", "created_time": "2026-02-22T22:32:50.532834Z", "no_price": 36, "no_price_dollars": "0.3600", "price": 0.64, "taker_side": "yes", "ticker": "KXINXU-26FEB23H1600-T6874.9999", "trade_id": "dfd345bb-e945-4c27-a83a-6585dba4b540", "yes_price": 64, "yes_price_dollars": "0.6400"}
{"count": 15, "count_fp": "15.00", "created_time": "2026-02-22T22:24:55.057186Z", "no_price": 84, "no_price_dollars": "0.8400", "price": 0.16, "taker_side": "no", "ticker": "KXINXU-26FEB23H1600-T6874.9999", "trade_id": "c9898faa-66a4-44cd-cdc5-21df97d912d7", "yes_price": 16, "yes_price_dollars": "0.1600"}
{"count": 1, "count_fp": "1.00", "created_time": "2026-02-22T20:42:47.636741Z", "no_price": 39, "no_price_dollars": "0.3900", "price": 0.61, "taker_side": "yes", "ticker": "KXINXU-26FEB23H1600-T6874.9999", "trade_id": "8add25cc-091c-6d9a-c6f9-f800e3dc2f7c", "yes_price": 61, "yes_price_dollars": "0.6100"}
{"count": 2, "count_fp": "2.00", "created_time": "2026-02-22T20:42:47.636741Z", "no_price": 40, "no_price_dollars": "0.4000", "price": 0.6, "taker_side": "yes", "ticker": "KXINXU-26FEB23H1600-T6874.9999", "trade_id": "3ef0b2fd-24d8-6bc3-cdfb-31a2dcf401c3", "yes_price": 60, "yes_price_dollars": "0.6000"}
{"count": 8, "count_fp": "8.00", "created_time": "2026-02-22T20:24:42.60876Z", "no_price": 44, "no_price_dollars": "0.4400", "price": 0.56, "taker_side": "yes", "ticker": "KXINXU-26FEB23H1600-T6874.9999", "trade_id": "f1a9360e-c50c-662a-f852-25ccdf14b9fa", "yes_price": 56, "yes_price_dollars": "0.5600"}
{"count": 11, "count_fp": "11.00", "created_time": "2026-02-22T20:23:05.490256Z", "no_price": 43, "no_price_dollars": "0.4300", "price": 0.57, "taker_side": "yes", "ticker": "KXINXU-26FEB23H1600-T6874.9999", "trade_id": "38cad36e-b66c-5c4d-ff0e-3f502a6ff322", "yes_price": 57, "yes_price_dollars": "0.5700"}
{"count": 20, "count_fp": "20.00", "created_time": "2026-02-22T19:16:45.671249Z", "no_price": 85, "no_price_dollars": "0.8500", "price": 0.15, "taker_side": "no", "ticker": "KXINXU-26FEB23H1600-T6874.9999", "trade_id": "b136b237-ff80-586e-440b-944f904af750", "yes_price": 15, "yes_price_dollars": "0.1500"}
{"count": 9, "count_fp": "9.00", "created_time": "2026-02-22T18:13:31.1082Z", "no_price": 28, "no_price_dollars": "0.2800", "price": 0.72, "taker_side": "yes", "ticker": "KXINXU-26FEB23H1600-T6874.9999", "trade_id": "9f05e286-80d4-7974-6b0e-0edfeacc30fc", "yes_price": 72, "yes_price_dollars": "0.7200"}
{"count": 59, "count_fp": "59.00", "created_time": "2026-02-22T18:13:31.1082Z", "no_price": 29, "no_price_dollars": "0.2900", "price": 0.71, "taker_side": "yes", "ticker": "KXINXU-26FEB23H1600-T6874.9999", "trade_id": "682e589f-770e-7548-7e59-4b6113904c5f", "yes_price": 71, "yes_price_dollars": "0.7100"}
{"count": 1, "count_fp": "1.00", "created_time": "2026-02-22T18:13:31.1082Z", "no_price": 35, "no_price_dollars": "0.3500", "price": 0.65, "taker_side": "yes", "ticker": "KXINXU-26FEB23H1600-T6874.9999", "trade_id": "02d8c45c-e1d3-72c5-65cc-2445c3f9d84e", "yes_price": 65, "yes_price_dollars": "0.6500"}
{"count": 1, "count_fp": "1.00", "created_time": "2026-02-22T15:39:36.472132Z", "no_price": 50, "no_price_dollars": "0.5000", "price": 0.5, "taker_side": "yes", "ticker": "KXINXU-26FEB23H1600-T6874.9999", "trade_id": "7f6c63d8-b6f1-4d85-1d08-9586be546c78", "yes_price": 50, "yes_price_dollars": "0.5000"}
{"count": 15, "count_fp": "15.00", "created_time": "2026-02-22T22:25:03.387352Z", "no_price": 89, "no_price_dollars": "0.8900", "price": 0.11, "taker_side": "no", "ticker": "KXINXU-26FEB23H1600-T6849.9999", "trade_id": "6dc254e7-39fe-6c83-4d8a-9dec6db57849", "yes_price": 11, "yes_price_dollars": "0.1100"}
{"count": 1, "count_fp": "1.00", "created_time": "2026-02-22T22:20:12.711573Z", "no_price": 13, "no_price_dollars": "0.1300", "price": 0.87, "taker_side": "yes", "ticker": "KXINXU-26FEB23H1600-T6849.9999", "trade_id": "222e0512-effe-7a37-1fb9-0a01543096c4", "yes_price": 87, "yes_price_dollars": "0.8700"}
{"count": 15, "count_fp": "15.00", "created_time": "2026-02-22T21:01:18.975454Z", "no_price": 12, "no_price_dollars": "0.1200", "price": 0.88, "taker_side": "no", "ticker": "KXINXU-26FEB23H1600-T6849.9999", "trade_id": "9099849f-83e7-4745-ee09-99fb6bbf69fe", "yes_price": 88, "yes_price_dollars": "0.8800"}
{"count": 59, "count_fp": "59.00", "created_time": "2026-02-22T20:05:38.468098Z", "no_price": 27, "no_price_dollars": "0.2700", "price": 0.73, "taker_side": "yes", "ticker": "KXINXU-26FEB23H1600-T6849.9999", "trade_id": "9cf40ccc-e5b5-75f8-40c6-6a83457dd4f3", "yes_price": 73, "yes_price_dollars": "0.7300"}
{"count": 100, "count_fp": "100.00", "created_time": "2026-02-22T20:05:38.468098Z", "no_price": 26, "no_price_dollars": "0.2600", "price": 0.74, "taker_side": "yes", "ticker": "KXINXU-26FEB23H1600-T6849.9999", "trade_id": "2ad25d6c-36a6-7f8a-64dc-07fb76233734", "yes_price": 74, "yes_price_dollars": "0.7400"}
{"count": 60, "count_fp": "60.00", "created_time": "2026-02-22T20:05:38.468098Z", "no_price": 23, "no_price_dollars": "0.2300", "price": 0.77, "taker_side": "yes", "ticker": "KXINXU-26FEB23H1600-T6849.9999", "trade_id": "1e2353b6-5552-70ae-7e39-8ee7ff0cf544", "yes_price": 77, "yes_price_dollars": "0.7700"}
{"count": 20, "count_fp": "20.00", "created_time": "2026-02-22T20:05:38.468098Z", "no_price": 1, "no_price_dollars": "0.0100", "price": 0.99, "taker_side": "yes", "ticker": "KXINXU-26FEB23H1600-T6849.9999", "trade_id": "026f74f1-e3ae-7475-6b76-5cee2de8b4ca", "yes_price": 99, "yes_price_dollars": "0.9900"}
{"count": 20, "count_fp": "20.00", "created_time": "2026-02-22T19:16:38.091582Z", "no_price": 89, "no_price_dollars": "0.8900", "price": 0.11, "taker_side": "no", "ticker": "KXINXU-26FEB23H1600-T6849.9999", "trade_id": "5d64b488-6602-6ecb-9bd6-87a142102fb1", "yes_price": 11, "yes_price_dollars": "0.1100"}
{"count": 63, "count_fp": "63.00", "created_time": "2026-02-22T16:14:22.405467Z", "no_price": 28, "no_price_dollars": "0.2800", "price": 0.72, "taker_side": "yes", "ticker": "KXINXU-26FEB23H1600-T6849.9999", "trade_id": "b648ceee-9aa8-50e2-c662-5f8358f9e30d", "yes_price": 72, "yes_price_dollars": "0.7200"}
{"count": 34, "count_fp": "34.00", "created_time": "2026-02-22T16:14:22.405467Z", "no_price": 27, "no_price_dollars": "0.2700", "price": 0.73, "taker_side": "yes", "ticker": "KXINXU-26FEB23H1600-T6849.9999", "trade_id": "259bbd59-40ea-5cc3-f0a1-7aaee73cc1c2", "yes_price": 73, "yes_price_dollars": "0.7300"}
{"count": 19, "count_fp": "19.00", "created_time": "2026-02-22T20:22:30.105799Z", "no_price": 30, "no_price_dollars": "0.3000", "price": 0.7, "taker_side": "no", "ticker": "KXINXU-26FEB23H1600-T6824.9999", "trade_id": "1bf918ef-fb14-59ad-ebd8-bd5fc4551559", "yes_price": 70, "yes_price_dollars": "0.7000"}
{"count": 18, "count_fp": "18.00", "created_time": "2026-02-22T20:03:29.87748Z", "no_price": 13, "no_price_dollars": "0.1300", "price": 0.87, "taker_side": "yes", "ticker": "KXINXU-26FEB23H1600-T6824.9999", "trade_id": "69aa9cfa-0539-63e1-4650-350485c3ab2f", "yes_price": 87, "yes_price_dollars": "0.8700"}
{"count": 16, "count_fp": "16.00", "created_time": "2026-02-22T14:34:34.567697Z", "no_price": 30, "no_price_dollars": "0.3000", "price": 0.7, "taker_side": "no", "ticker": "KXINXU-26FEB23H1600-T6824.9999", "trade_id": "e3c19ba6-c65c-5b11-f21d-d6f3c7c0eae9", "yes_price": 70, "yes_price_dollars": "0.7000"}
{"count": 19, "count_fp": "19.00", "created_time": "2026-02-22T14:34:45.854404Z", "no_price": 25, "no_price_dollars": "0.2500", "price": 0.75, "taker_side": "no", "ticker": "KXINXU-26FEB23H1600-T6799.9999", "trade_id": "3dd2254a-ccf3-5815-f11a-43caa09d57ba", "yes_price": 75, "yes_price_dollars": "0.7500"}
{"count": 1, "count_fp": "1.00", "created_time": "2026-02-22T08:12:39.984968Z", "no_price": 25, "no_price_dollars": "0.2500", "price": 0.75, "taker_side": "no", "ticker": "KXINXU-26FEB23H1600-T6799.9999", "trade_id": "d15fb0c0-7413-7d55-3459-17880105690e", "yes_price": 75, "yes_price_dollars": "0.7500"}
{"count": 10, "count_fp": "10.00", "created_time": "2026-02-22T00:52:54.950162Z", "no_price": 40, "no_price_dollars": "0.4000", "price": 0.6, "taker_side": "yes", "ticker": "KXINXU-26FEB23H1600-T6774.9999", "trade_id": "e616b4c0-ad23-5268-36da-28c58eced964", "yes_price": 60, "yes_price_dollars": "0.6000"}
{"count": 20, "count_fp": "20.00", "created_time": "2026-02-22T12:14:50.034316Z", "no_price": 16, "no_price_dollars": "0.1600", "price": 0.84, "taker_side": "yes", "ticker": "KXINXU-26FEB23H1600-T6699.9999", "trade_id": "5baa6523-fe27-7a84-c56c-ddbe11028333", "yes_price": 84, "yes_price_dollars": "0.8400"}
{"count": 1, "count_fp": "1.00", "created_time": "2026-02-22T12:14:50.034316Z", "no_price": 6, "no_price_dollars": "0.0600", "price": 0.94, "taker_side": "yes", "ticker": "KXINXU-26FEB23H1600-T6699.9999", "trade_id": "384fb921-08b4-74ea-ec13-5a7871cac186", "yes_price": 94, "yes_price_dollars": "0.9400"}
{"count": 1, "count_fp": "1.00", "created_time": "2026-02-22T12:14:50.034316Z", "no_price": 15, "no_price_dollars": "0.1500", "price": 0.85, "taker_side": "yes", "ticker": "KXINXU-26FEB23H1600-T6699.9999", "trade_id": "1d5fd0e2-af1a-7953-c6c9-ecb2e21f1090", "yes_price": 85, "yes_price_dollars": "0.8500"}
{"count": 1, "count_fp": "1.00", "created_time": "2026-02-22T08:12:39.984337Z", "no_price": 41, "no_price_dollars": "0.4100", "price": 0.59, "taker_side": "yes", "ticker": "KXINXU-26FEB23H1600-T6699.9999", "trade_id": "16fb6727-5a0d-632a-25a1-e9b2fa711a4a", "yes_price": 59, "yes_price_dollars": "0.5900"}
{"count": 1, "count_fp": "1.00", "created_time": "2026-02-22T23:34:56.625785Z", "no_price": 36, "no_price_dollars": "0.3600", "price": 0.64, "taker_side": "no", "ticker": "KXINXPOS-26DEC31H1900-T6845.5", "trade_id": "4c3f99d6-e582-6d54-2120-fae9ae399d9a", "yes_price": 64, "yes_price_dollars": "0.6400"}
{"count": 2, "count_fp": "2.00", "created_time": "2026-02-22T23:19:56.918322Z", "no_price": 34, "no_price_dollars": "0.3400", "price": 0.66, "taker_side": "yes", "ticker": "KXINXPOS-26DEC31H1900-T6845.5", "trade_id": "dc690fa1-2f25-4b61-7085-3c6093490ab0", "yes_price": 66, "yes_price_dollars": "0.6600"}
{"count": 1, "count_fp": "1.00", "created_time": "2026-02-22T21:54:04.158365Z", "no_price": 34, "no_price_dollars": "0.3400", "price": 0.66, "taker_side": "yes", "ticker": "KXINXPOS-26DEC31H1900-T6845.5", "trade_id": "cfd9991d-d127-561f-960f-d5323bd944a7", "yes_price": 66, "yes_price_dollars": "0.6600"}
{"count": 22, "count_fp": "22.00", "created_time": "2026-02-22T20:38:12.612907Z", "no_price": 34, "no_price_dollars": "0.3400", "price": 0.66, "taker_side": "yes", "ticker": "KXINXPOS-26DEC31H1900-T6845.5", "trade_id": "84ef4366-fc65-620d-cc1f-9703f110a6d2", "yes_price": 66, "yes_price_dollars": "0.6600"}
{"count": 2, "count_fp": "2.00", "created_time": "2026-02-22T20:30:56.436877Z", "no_price": 34, "no_price_dollars": "0.3400", "price": 0.66, "taker_side": "yes", "ticker": "KXINXPOS-26DEC31H1900-T6845.5", "trade_id": "1f353c8b-21c5-71c9-ae17-b1a6c40f4062", "yes_price": 66, "yes_price_dollars": "0.6600"}
{"count": 61, "count_fp": "61.00", "created_time": "2026-02-22T19:23:00.789988Z", "no_price": 37, "no_price_dollars": "0.3700", "price": 0.63, "taker_side": "no", "ticker": "KXINXPOS-26DEC31H1900-T6845.5", "trade_id": "eea04e58-78ed-4405-890d-f9a1fc7c35e5", "yes_price": 63, "yes_price_dollars": "0.6300"}
{"count": 6, "count_fp": "6.00", "created_time": "2026-02-22T19:23:00.789988Z", "no_price": 37, "no_price_dollars": "0.3700", "price": 0.63, "taker_side": "no", "ticker": "KXINXPOS-26DEC31H1900-T6845.5", "trade_id": "ddf049d3-40a1-4ef9-886f-b7685d9c9d47", "yes_price": 63, "yes_price_dollars": "0.6300"}
{"count": 4, "count_fp": "4.00", "created_time": "2026-02-22T19:23:00.789988Z", "no_price": 37, "no_price_dollars": "0.3700", "price": 0.63, "taker_side": "no", "ticker": "KXINXPOS-26DEC31H1900-T6845.5", "trade_id": "d9044571-1061-4ba0-a813-c5652dfd92e5", "yes_price": 63, "yes_price_dollars": "0.6300"}
{"count": 27, "count_fp": "27.00", "created_time": "2026-02-22T19:23:00.789988Z", "no_price": 37, "no_price_dollars": "0.3700", "price": 0.63, "taker_side": "no", "ticker": "KXINXPOS-26DEC31H1900-T6845.5", "trade_id": "9e80659b-9901-4ff9-a1b8-f3d3d00d4c57", "yes_price": 63, "yes_price_dollars": "0.6300"}
{"count": 23, "count_fp": "23.00", "created_time": "2026-02-22T19:23:00.789988Z", "no_price": 36, "no_price_dollars": "0.3600", "price": 0.64, "taker_side": "no", "ticker": "KXINXPOS-26DEC31H1900-T6845.5", "trade_id": "4e0c57c0-0191-48d8-a160-62468796c6dc", "yes_price": 64, "yes_price_dollars": "0.6400"}
{"count": 74, "count_fp": "74.00", "created_time": "2026-02-22T19:23:00.789988Z", "no_price": 37, "no_price_dollars": "0.3700", "price": 0.63, "taker_side": "no", "ticker": "KXINXPOS-26DEC31H1900-T6845.5", "trade_id": "46ef6359-830a-4e44-a439-e9bc9660ede1", "yes_price": 63, "yes_price_dollars": "0.6300"}
{"count": 70, "count_fp": "70.00", "created_time": "2026-02-22T19:23:00.789988Z", "no_price": 37, "no_price_dollars": "0.3700", "price": 0.63, "taker_side": "no", "ticker": "KXINXPOS-26DEC31H1900-T6845.5", "trade_id": "1d6eb1aa-9d63-43c7-853d-acd86905553d", "yes_price": 63, "yes_price_dollars": "0.6300"}
{"count": 5, "count_fp": "5.00", "created_time": "2026-02-22T17:33:22.099463Z", "no_price": 33, "no_price_dollars": "0.3300", "price": 0.67, "taker_side": "yes", "ticker": "KXINXPOS-26DEC31H1900-T6845.5", "trade_id": "98e7ea1c-6b28-4dc1-0535-91cdd54b1bd8", "yes_price": 67, "yes_price_dollars": "0.6700"}
{"count": 144, "count_fp": "144.00", "created_time": "2026-02-22T17:20:42.314151Z", "no_price": 33, "no_price_dollars": "0.3300", "price": 0.67, "taker_side": "yes", "ticker": "KXINXPOS-26DEC31H1900-T6845.5", "trade_id": "0d19fb55-18c8-44bd-da17-959a7ad07094", "yes_price": 67, "yes_price_dollars": "0.6700"}
{"count": 14, "count_fp": "14.00", "created_time": "2026-02-22T16:38:52.737966Z", "no_price": 33, "no_price_dollars": "0.3300", "price": 0.67, "taker_side": "yes", "ticker": "KXINXPOS-26DEC31H1900-T6845.5", "trade_id": "84007e75-ee2c-68bd-ad7a-970589a0e7a4", "yes_price": 67, "yes_price_dollars": "0.6700"}
{"count": 19, "count_fp": "19.00", "created_time": "2026-02-22T16:14:06.009051Z", "no_price": 34, "no_price_dollars": "0.3400", "price": 0.66, "taker_side": "yes", "ticker": "KXINXPOS-26DEC31H1900-T6845.5", "trade_id": "002b4f31-b4e5-5100-ad9f-182b3eae1037", "yes_price": 66, "yes_price_dollars": "0.6600"}
{"count": 7, "count_fp": "7.00", "created_time": "2026-02-22T14:53:31.067201Z", "no_price": 35, "no_price_dollars": "0.3500", "price": 0.65, "taker_side": "yes", "ticker": "KXINXPOS-26DEC31H1900-T6845.5", "trade_id": "ef8af697-bf3f-5ee9-3918-f4e1d470e475", "yes_price": 65, "yes_price_dollars": "0.6500"}
{"count": 12, "count_fp": "12.00", "created_time": "2026-02-22T14:22:17.70016Z", "no_price": 35, "no_price_dollars": "0.3500", "price": 0.65, "taker_side": "yes", "ticker": "KXINXPOS-26DEC31H1900-T6845.5", "trade_id": "82832b30-73e4-5648-ba67-b41200a7a41b", "yes_price": 65, "yes_price_dollars": "0.6500"}
{"count": 32, "count_fp": "32.00", "created_time": "2026-02-22T14:16:13.723191Z", "no_price": 36, "no_price_dollars": "0.3600", "price": 0.64, "taker_side": "no", "ticker": "KXINXPOS-26DEC31H1900-T6845.5", "trade_id": "531486d5-2341-4e31-6567-9f2cbf391075", "yes_price": 64, "yes_price_dollars": "0.6400"}
{"count": 22, "count_fp": "22.00", "created_time": "2026-02-22T14:16:13.723191Z", "no_price": 37, "no_price_dollars": "0.3700", "price": 0.63, "taker_side": "no", "ticker": "KXINXPOS-26DEC31H1900-T6845.5", "trade_id": "225ec5d6-0603-4a07-5265-79c9800279d9", "yes_price": 63, "yes_price_dollars": "0.6300"}
{"count": 3, "count_fp": "3.00", "created_time": "2026-02-22T09:38:10.223928Z", "no_price": 34, "no_price_dollars": "0.3400", "price": 0.66, "taker_side": "yes", "ticker": "KXINXPOS-26DEC31H1900-T6845.5", "trade_id": "4135f9ab-b7af-4dfb-3b74-16d796a0baa2", "yes_price": 66, "yes_price_dollars": "0.6600"}
{"count": 2, "count_fp": "2.00", "created_time": "2026-02-22T07:24:26.638058Z", "no_price": 36, "no_price_dollars": "0.3600", "price": 0.64, "taker_side": "no", "ticker": "KXINXPOS-26DEC31H1900-T6845.5", "trade_id": "b1c8ec26-a311-6ff9-58aa-49cecbd25886", "yes_price": 64, "yes_price_dollars": "0.6400"}
{"count": 7, "count_fp": "7.00", "created_time": "2026-02-22T05:25:07.221955Z", "no_price": 34, "no_price_dollars": "0.3400", "price": 0.66, "taker_side": "yes", "ticker": "KXINXPOS-26DEC31H1900-T6845.5", "trade_id": "0ee29cd7-9b13-5623-e56a-107c4873b92a", "yes_price": 66, "yes_price_dollars": "0.6600"}
{"count": 61, "count_fp": "61.00", "created_time": "2026-02-22T02:44:55.574017Z", "no_price": 34, "no_price_dollars": "0.3400", "price": 0.66, "taker_side": "yes", "ticker": "KXINXPOS-26DEC31H1900-T6845.5", "trade_id": "990b83ee-eaf5-55f1-9134-16d879d91492", "yes_price": 66, "yes_price_dollars": "0.6600"}
{"count": 84, "count_fp": "84.00", "created_time": "2026-02-22T02:44:55.574017Z", "no_price": 33, "no_price_dollars": "0.3300", "price": 0.67, "taker_side": "yes", "ticker": "KXINXPOS-26DEC31H1900-T6845.5", "trade_id": "3e55822e-e144-5e3d-b6f4-61c9759012dc", "yes_price": 67, "yes_price_dollars": "0.6700"}
