{"count": 60, "count_fp": "60.00", "created_time": "2026-03-06T15:01:16.196218Z", "no_price": 99, "no_price_dollars": "0.9900", "price": 0.01, "taker_side": "no", "ticker": "KXINX-26MAR06H1600-T6550", "trade_id": "b3494b09-10ae-5ddd-077b-552b6a2599bd", "yes_price": 1, "yes_price_dollars": "0.0100"}
{"count": 2, "count_fp": "2.00", "created_time": "2026-03-06T14:58:00.689215Z", "no_price": 95, "no_price_dollars": "0.9500", "price": 0.05, "taker_side": "yes", "ticker": "KXINX-26MAR06H1600-T6550", "trade_id": "5a33db5c-82cd-77c2-b438-05d927344c50", "yes_price": 5, "yes_price_dollars": "0.0500"}
{"count": 8, "count_fp": "8.00", "created_time": "2026-03-06T14:58:00.689215Z", "no_price": 95, "no_price_dollars": "0.9500", "price": 0.05, "taker_side": "yes", "ticker": "KXINX-26MAR06H1600-T6550", "trade_id": "2f213a92-c429-7487-b469-f86a7585c9a4", "yes_price": 5, "yes_price_dollars": "0.0500"}
{"count": 58, "count_fp": "58.00", "created_time": "2026-03-06T14:57:51.516874Z", "no_price": 95, "no_price_dollars": "0.9500", "price": 0.05, "taker_side": "yes", "ticker": "KXINX-26MAR06H1600-T6550", "trade_id": "6602cd6b-8bcd-4dde-4407-493e160d2870", "yes_price": 5, "yes_price_dollars": "0.0500"}
{"count": 20, "count_fp": "20.00", "created_time": "2026-03-06T14:47:43.155347Z", "no_price": 99, "no_price_dollars": "0.9900", "price": 0.01, "taker_side": "no", "ticker": "KXINX-26MAR06H1600-T6550", "trade_id": "a157cd89-c170-5b2c-de5d-048329428565", "yes_price": 1, "yes_price_dollars": "0.0100"}
{"count": 60, "count_fp": "60.00", "created_time": "2026-03-06T14:47:43.155347Z", "no_price": 99, "no_price_dollars": "0.9900", "price": 0.01, "taker_side": "no", "ticker": "KXINX-26MAR06H1600-T6550", "trade_id": "9314bb12-2a80-5ac4-d636-fa661a268184", "yes_price": 1, "yes_price_dollars": "0.0100"}
{"count": 36, "count_fp": "36.00", "created_time": "2026-03-06T14:10:25.501482Z", "no_price": 95, "no_price_dollars": "0.9500", "price": 0.05, "taker_side": "yes", "ticker": "KXINX-26MAR06H1600-T6550", "trade_id": "ff235939-a5d3-5321-c31c-86fb7cbb0640", "yes_price": 5, "yes_price_dollars": "0.0500"}
{"count": 60, "count_fp": "60.00", "created_time": "2026-03-06T14:10:25.501482Z", "no_price": 95, "no_price_dollars": "0.9500", "price": 0.05, "taker_side": "yes", "ticker": "KXINX-26MAR06H1600-T6550", "trade_id": "ee60ef9b-cb06-54b3-e0dc-ee4889636726", "yes_price": 5, "yes_price_dollars": "0.0500"}
{"count": 380, "count_fp": "380.00", "created_time": "2026-03-06T14:08:50.411754Z", "no_price": 98, "no_price_dollars": "0.9800", "price": 0.02, "taker_side": "yes", "ticker": "KXINX-26MAR06H1600-T6550", "trade_id": "3fd8aded-576a-64c3-1877-4b0db5f189e2", "yes_price": 2, "yes_price_dollars": "0.0200"}
{"count": 60, "count_fp": "60.00", "created_time": "2026-03-06T13:57:46.599687Z", "no_price": 98, "no_price_dollars": "0.9800", "price": 0.02, "taker_side": "no", "ticker": "KXINX-26MAR06H1600-T6550", "trade_id": "b6483087-33b5-49b9-0094-8183ed984043", "yes_price": 2, "yes_price_dollars": "0.0200"}
{"count": 60, "count_fp": "60.00", "created_time": "2026-03-06T13:53:22.584835Z", "no_price": 99, "no_price_dollars": "0.9900", "price": 0.01, "taker_side": "no", "ticker": "KXINX-26MAR06H1600-T6550", "trade_id": "235b4c84-185e-7d02-4a77-73184f8cc58b", "yes_price": 1, "yes_price_dollars": "0.0100"}
{"count": 15, "count_fp": "15.00", "created_time": "2026-03-06T12:55:28.228212Z", "no_price": 92, "no_price_dollars": "0.9200", "price": 0.08, "taker_side": "yes", "ticker": "KXINX-26MAR06H1600-T6550", "trade_id": "b56cc918-e1c1-50bc-7713-dbc7c491e9ad", "yes_price": 8, "yes_price_dollars": "0.0800"}
{"count": 120, "count_fp": "120.00", "created_time": "2026-03-06T12:55:28.228212Z", "no_price": 93, "no_price_dollars": "0.9300", "price": 0.07, "taker_side": "yes", "ticker": "KXINX-26MAR06H1600-T6550", "trade_id": "54c4c89e-56fe-509b-40de-5a7d565616f6", "yes_price": 7, "yes_price_dollars": "0.0700"}
{"count": 20, "count_fp": "20.00", "created_time": "2026-03-06T10:26:49.955948Z", "no_price": 93, "no_price_dollars": "0.9300", "price": 0.07, "taker_side": "yes", "ticker": "KXINX-26MAR06H1600-T6550", "trade_id": "ff92d0c2-4706-4f98-32dc-413cf8fa3b75", "yes_price": 7, "yes_price_dollars": "0.0700"}
{"count": 60, "count_fp": "60.00", "created_time": "2026-03-06T10:26:49.955948Z", "no_price": 97, "no_price_dollars": "0.9700", "price": 0.03, "taker_side": "yes", "ticker": "KXINX-26MAR06H1600-T6550", "trade_id": "a9109e26-a428-4de4-0e4a-f16e1f5dedcb", "yes_price": 3, "yes_price_dollars": "0.0300"}
{"count": 4, "count_fp": "4.00", "created_time": "2026-03-06T10:26:49.955948Z", "no_price": 99, "no_price_dollars": "0.9900", "price": 0.01, "taker_side": "yes", "ticker": "KXINX-26MAR06H1600-T6550", "trade_id": "70512f3d-befb-47d0-349e-345cbe707c7d", "yes_price": 1, "yes_price_dollars": "0.0100"}
{"count": 80, "count_fp": "80.00", "created_time": "2026-03-06T10:26:49.955948Z", "no_price": 92, "no_price_dollars": "0.9200", "price": 0.08, "taker_side": "yes", "ticker": "KXINX-26MAR06H1600-T6550", "trade_id": "00770299-3f29-4604-3d38-6ec8c6ebb419", "yes_price": 8, "yes_price_dollars": "0.0800"}
{"count": 96, "count_fp": "96.00", "created_time": "2026-03-06T03:21:38.43843Z", "no_price": 99, "no_price_dollars": "0.9900", "price": 0.01, "taker_side": "yes", "ticker": "KXINX-26MAR06H1600-T6550", "trade_id": "64ae88f7-694f-5f84-825c-afe5f959a81d", "yes_price": 1, "yes_price_dollars": "0.0100"}
{"count": 20, "count_fp": "20.00", "created_time": "2026-03-06T02:27:32.697703Z", "no_price": 93, "no_price_dollars": "0.9300", "price": 0.07, "taker_side": "no", "ticker": "KXINX-26MAR06H1600-T6550", "trade_id": "50153c8a-ad9a-7959-a399-b03cef23e688", "yes_price": 7, "yes_price_dollars": "0.0700"}
{"count": 60, "count_fp": "60.00", "created_time": "2026-03-06T02:27:31.478298Z", "no_price": 93, "no_price_dollars": "0.9300", "price": 0.07, "taker_side": "no", "ticker": "KXINX-26MAR06H1600-T6550", "trade_id": "962ce7b6-b792-597d-728c-0b39eaff2d68", "yes_price": 7, "yes_price_dollars": "0.0700"}
{"count": 120, "count_fp": "120.00", "created_time": "2026-03-06T02:27:30.25574Z", "no_price": 93, "no_price_dollars": "0.9300", "price": 0.07, "taker_side": "no", "ticker": "KXINX-26MAR06H1600-T6550", "trade_id": "c583ec11-923e-55d9-7af4-b91b67175828", "yes_price": 7, "yes_price_dollars": "0.0700"}
{"count": 120, "count_fp": "120.00", "created_time": "2026-03-06T02:27:29.033383Z", "no_price": 93, "no_price_dollars": "0.9300", "price": 0.07, "taker_side": "no", "ticker": "KXINX-26MAR06H1600-T6550", "trade_id": "65acbabe-3592-73ad-6866-9bc15ffd9188", "yes_price": 7, "yes_price_dollars": "0.0700"}
{"count": 120, "count_fp": "120.00", "created_time": "2026-03-06T02:27:27.815007Z", "no_price": 93, "no_price_dollars": "0.9300", "price": 0.07, "taker_side": "no", "ticker": "KXINX-26MAR06H1600-T6550", "trade_id": "f6013758-8c96-6f2d-976e-d6c3bea5d728", "yes_price": 7, "yes_price_dollars": "0.0700"}
{"count": 60, "count_fp": "60.00", "created_time": "2026-03-06T02:27:27.782401Z", "no_price": 93, "no_price_dollars": "0.9300", "price": 0.07, "taker_side": "yes", "ticker": "KXINX-26MAR06H1600-T6550", "trade_id": "7e4cd514-3baa-6abe-d0cf-4adb1e48483f", "yes_price": 7, "yes_price_dollars": "0.0700"}
{"count": 60, "count_fp": "60.00", "created_time": "2026-03-06T02:24:21.732657Z", "no_price": 97, "no_price_dollars": "0.9700", "price": 0.03, "taker_side": "yes", "ticker": "KXINX-26MAR06H1600-T6550", "trade_id": "ed9bdf27-310f-7529-195f-18a63b709992", "yes_price": 3, "yes_price_dollars": "0.0300"}
{"count": 13, "count_fp": "13.00", "created_time": "2026-03-06T02:24:21.732657Z", "no_price": 97, "no_price_dollars": "0.9700", "price": 0.03, "taker_side": "yes", "ticker": "KXINX-26MAR06H1600-T6550", "trade_id": "ecb17042-4b53-7abb-0119-fb6fda4f5f5a", "yes_price": 3, "yes_price_dollars": "0.0300"}
{"count": 3, "count_fp": "3.00", "created_time": "2026-03-06T02:24:21.732657Z", "no_price": 92, "no_price_dollars": "0.9200", "price": 0.08, "taker_side": "yes", "ticker": "KXINX-26MAR06H1600-T6550", "trade_id": "5da7eefa-ac09-73b8-3544-a1935ac9b6e1", "yes_price": 8, "yes_price_dollars": "0.0800"}
{"count": 25, "count_fp": "25.00", "created_time": "2026-03-06T00:01:20.056288Z", "no_price": 97, "no_price_dollars": "0.9700", "price": 0.03, "taker_side": "yes", "ticker": "KXINX-26MAR06H1600-T6550", "trade_id": "e50471ff-ccb9-66c8-3251-caa80213e5f6", "yes_price": 3, "yes_price_dollars": "0.0300"}
{"count": 7, "count_fp": "7.00", "created_time": "2026-03-06T00:01:20.056288Z", "no_price": 97, "no_price_dollars": "0.9700", "price": 0.03, "taker_side": "yes", "ticker": "KXINX-26MAR06H1600-T6550", "trade_id": "93c1f419-17c3-690f-1aa9-2fff1b3c588e", "yes_price": 3, "yes_price_dollars": "0.0300"}
{"count": 10, "count_fp": "10.00", "created_time": "2026-03-06T02:33:27.477803Z", "no_price": 99, "no_price_dollars": "0.9900", "price": 0.01, "taker_side": "yes", "ticker": "KXINX-26MAR06H1600-B7087", "trade_id": "c06a40a2-b4bd-4f57-7e55-c4ec8dafac08", "yes_price": 1, "yes_price_dollars": "0.0100"}
{"count": 20, "count_fp": "20.00", "created_time": "2026-03-06T02:33:27.477803Z", "no_price": 98, "no_price_dollars": "0.9800", "price": 0.02, "taker_side": "yes", "ticker": "KXINX-26MAR06H1600-B7087", "trade_id": "b9665aa7-1147-4447-7348-01688b61a1c2", "yes_price": 2, "yes_price_dollars": "0.0200"}
{"count": 60, "count_fp": "60.00", "created_time": "2026-03-06T02:33:27.477803Z", "no_price": 97, "no_price_dollars": "0.9700", "price": 0.03, "taker_side": "yes", "ticker": "KXINX-26MAR06H1600-B7087", "trade_id": "8b8e7b19-621e-4d84-56f5-ec3d5d31164d", "yes_price": 3, "yes_price_dollars": "0.0300"}
{"count": 75, "count_fp": "75.00", "created_time": "2026-03-06T02:33:27.477803Z", "no_price": 99, "no_price_dollars": "0.9900", "price": 0.01, "taker_side": "yes", "ticker": "KXINX-26MAR06H1600-B7087", "trade_id": "80bd2eba-0ad1-419f-7db3-bf91476f9382", "yes_price": 1, "yes_price_dollars": "0.0100"}
{"count": 135, "count_fp": "135.00", "created_time": "2026-03-06T02:33:27.477803Z", "no_price": 99, "no_price_dollars": "0.9900", "price": 0.01, "taker_side": "yes", "ticker": "KXINX-26MAR06H1600-B7087", "trade_id": "7ac8df52-2c55-4d24-71d9-43489dac5d66", "yes_price": 1, "yes_price_dollars": "0.0100"}
{"count": 20, "count_fp": "20.00", "created_time": "2026-03-06T02:33:27.477803Z", "no_price": 97, "no_price_dollars": "0.9700", "price": 0.03, "taker_side": "yes", "ticker": "KXINX-26MAR06H1600-B7087", "trade_id": "74ce4646-bff0-482d-675c-533fa8a80204", "yes_price": 3, "yes_price_dollars": "0.0300"}
{"count": 20, "count_fp": "20.00", "created_time": "2026-03-06T02:33:27.477803Z", "no_price": 99, "no_price_dollars": "0.9900", "price": 0.01, "taker_side": "yes", "ticker": "KXINX-26MAR06H1600-B7087", "trade_id": "5e32d7ab-12af-4300-5e7e-c1f6741f1644", "yes_price": 1, "yes_price_dollars": "0.0100"}
{"count": 178, "count_fp": "178.00", "created_time": "2026-03-06T02:33:27.477803Z", "no_price": 99, "no_price_dollars": "0.9900", "price": 0.01, "taker_side": "yes", "ticker": "KXINX-26MAR06H1600-B7087", "trade_id": "35e7f2e8-9f74-4fe9-6acc-b5eae27067d8", "yes_price": 1, "yes_price_dollars": "0.0100"}
{"count": 130, "count_fp": "130.00", "created_time": "2026-03-06T02:33:27.477803Z", "no_price": 90, "no_price_dollars": "0.9000", "price": 0.1, "taker_side": "yes", "ticker": "KXINX-26MAR06H1600-B7087", "trade_id": "1b79cb77-cc38-4e84-4063-10daf56aeff9", "yes_price": 10, "yes_price_dollars": "0.1000"}
{"count": 322, "count_fp": "322.00", "created_time": "2026-03-06T02:33:27.477803Z", "no_price": 99, "no_price_dollars": "0.9900", "price": 0.01, "taker_side": "yes", "ticker": "KXINX-26MAR06H1600-B7087", "trade_id": "029e4d5f-1ee6-4069-7146-5c6ab049678e", "yes_price": 1, "yes_price_dollars": "0.0100"}
{"count": 96, "count_fp": "96.00", "created_time": "2026-03-06T12:52:09.733859Z", "no_price": 99, "no_price_dollars": "0.9900", "price": 0.01, "taker_side": "yes", "ticker": "KXINX-26MAR06H1600-B6962", "trade_id": "669b3a5c-5de0-5474-e09e-560d11b95faf", "yes_price": 1, "yes_price_dollars": "0.0100"}
{"count": 31, "count_fp": "31.00", "created_time": "2026-03-06T12:15:42.424198Z", "no_price": 99, "no_price_dollars": "0.9900", "price": 0.01, "taker_side": "no", "ticker": "KXINX-26MAR06H1600-B6937", "trade_id": "98ca1d5c-0182-52c2-6465-1c6bdc026e52", "yes_price": 1, "yes_price_dollars": "0.0100"}
{"count": 14, "count_fp": "14.00", "created_time": "2026-03-06T05:28:38.796446Z", "no_price": 97, "no_price_dollars": "0.9700", "price": 0.03, "taker_side": "no", "ticker": "KXINX-26MAR06H1600-B6937", "trade_id": "737c8a34-1bc2-6a2a-476b-bebf29d339ce", "yes_price": 3, "yes_price_dollars": "0.0300"}
{"count": 15, "count_fp": "15.00", "created_time": "2026-03-06T04:29:34.097181Z", "no_price": 97, "no_price_dollars": "0.9700", "price": 0.03, "taker_side": "no", "ticker": "KXINX-26MAR06H1600-B6937", "trade_id": "2794bd38-104e-7d3e-386c-cb0b2b60c486", "yes_price": 3, "yes_price_dollars": "0.0300"}
{"count": 120, "count_fp": "120.00", "created_time": "2026-03-06T04:17:13.037072Z", "no_price": 96, "no_price_dollars": "0.9600", "price": 0.04, "taker_side": "yes", "ticker": "KXINX-26MAR06H1600-B6937", "trade_id": "bdc42517-67c1-7ff6-440b-71e8c33dc44b", "yes_price": 4, "yes_price_dollars": "0.0400"}
{"count": 10, "count_fp": "10.00", "created_time": "2026-03-06T13:58:36.199857Z", "no_price": 97, "no_price_dollars": "0.9700", "price": 0.03, "taker_side": "no", "ticker": "KXINX-26MAR06H1600-B6912", "trade_id": "4882380d-28d4-5cd7-db06-a4331c47b0dd", "yes_price": 3, "yes_price_dollars": "0.0300"}
{"count": 195, "count_fp": "195.00", "created_time": "2026-03-06T13:58:36.199857Z", "no_price": 97, "no_price_dollars": "0.9700", "price": 0.03, "taker_side": "no", "ticker": "KXINX-26MAR06H1600-B6912", "trade_id": "42e0b9b8-9188-52f0-fd17-1b49d3d158a4", "yes_price": 3, "yes_price_dollars": "0.0300"}
{"count": 12, "count_fp": "12.00", "created_time": "2026-03-06T13:43:47.554109Z", "no_price": 95, "no_price_dollars": "0.9500", "price": 0.05, "taker_side": "no", "ticker": "KXINX-26MAR06H1600-B6912", "trade_id": "be20313b-90cc-4d80-822d-dad72889ed7f", "yes_price": 5, "yes_price_dollars": "0.0500"}
{"count": 10, "count_fp": "10.00", "created_time": "2026-03-06T13:43:39.990303Z", "no_price": 95, "no_price_dollars": "0.9500", "price": 0.05, "taker_side": "no", "ticker": "KXINX-26MAR06H1600-B6912", "trade_id": "21f17d0c-2cf4-6dec-2e48-259b4ee9874f", "yes_price": 5, "yes_price_dollars": "0.0500"}
{"count": 3, "count_fp": "3.00", "created_time": "2026-03-06T13:43:38.756895Z", "no_price": 95, "no_price_dollars": "0.9500", "price": 0.05, "taker_side": "no", "ticker": "KXINX-26MAR06H1600-B6912", "trade_id": "adb74dea-a448-784c-a9dd-c9f2e3bb2afb", "yes_price": 5, "yes_price_dollars": "0.0500"}
{"count": 24, "count_fp": "24.00", "created_time": "2026-03-06T13:37:52.753933Z", "no_price": 95, "no_price_dollars": "0.9500", "price": 0.05, "taker_side": "no", "ticker": "KXINX-26MAR06H1600-B6912", "trade_id": "a2934e03-8e08-5f24-44dd-64e47465fd57", "yes_price": 5, "yes_price_dollars": "0.0500"}
{"count": 4, "count_fp": "4.00", "created_time": "2026-03-06T13:34:47.636327Z", "no_price": 95, "no_price_dollars": "0.9500", "price": 0.05, "taker_side": "no", "ticker": "KXINX-26MAR06H1600-B6912", "trade_id": "ec3d4d96-3310-5740-9d0f-c6e6d5596267", "yes_price": 5, "yes_price_dollars": "0.0500"}
{"count": 4, "count_fp": "4.00", "created_time": "2026-03-06T13:34:46.414519Z", "no_price": 95, "no_price_dollars": "0.9500", "price": 0.05, "taker_side": "no", "ticker": "KXINX-26MAR06H1600-B6912", "trade_id": "efbf4b4a-7a38-6ae8-aca8-33ddf0745b6f", "yes_price": 5, "yes_price_dollars": "0.0500"}
{"count": 4, "count_fp": "4.00", "created_time": "2026-03-06T13:34:45.138876Z", "no_price": 95, "no_price_dollars": "0.9500", "price": 0.05, "taker_side": "no", "ticker": "KXINX-26MAR06H1600-B6912", "trade_id": "19f51b95-6f70-6da0-c69a-52b69d49d683", "yes_price": 5, "yes_price_dollars": "0.0500"}
{"count": 5, "count_fp": "5.00", "created_time": "2026-03-06T13:34:43.916718Z", "no_price": 95, "no_price_dollars": "0.9500", "price": 0.05, "taker_side": "no", "ticker": "KXINX-26MAR06H1600-B6912", "trade_id": "cf7864fd-7ec8-6ab8-02ce-413af0e54403", "yes_price": 5, "yes_price_dollars": "0.0500"}
{"count": 2, "count_fp": "2.00", "created_time": "2026-03-06T13:34:41.920945Z", "no_price": 97, "no_price_dollars": "0.9700", "price": 0.03, "taker_side": "no", "ticker": "KXINX-26MAR06H1600-B6912", "trade_id": "2d4eb8c4-2548-7de4-7f00-0e086e3c2f4c", "yes_price": 3, "yes_price_dollars": "0.0300"}
{"count": 2, "count_fp": "2.00", "created_time": "2026-03-06T13:30:09.023025Z", "no_price": 97, "no_price_dollars": "0.9700", "price": 0.03, "taker_side": "no", "ticker": "KXINX-26MAR06H1600-B6912", "trade_id": "634b0585-f4dc-4798-4d34-e57b725d6c30", "yes_price": 3, "yes_price_dollars": "0.0300"}
{"count": 27, "count_fp": "27.00", "created_time": "2026-03-06T12:14:49.57888Z", "no_price": 93, "no_price_dollars": "0.9300", "price": 0.07, "taker_side": "yes", "ticker": "KXINX-26MAR06H1600-B6912", "trade_id": "c889006e-b4ae-5468-d2dd-c4bd8b78aeca", "yes_price": 7, "yes_price_dollars": "0.0700"}
{"count": 21, "count_fp": "21.00", "created_time": "2026-03-06T06:24:32.256421Z", "no_price": 91, "no_price_dollars": "0.9100", "price": 0.09, "taker_side": "yes", "ticker": "KXINX-26MAR06H1600-B6912", "trade_id": "fd945fd8-fd44-762e-df72-df603064d2d5", "yes_price": 9, "yes_price_dollars": "0.0900"}
{"count": 60, "count_fp": "60.00", "created_time": "2026-03-06T03:39:33.993289Z", "no_price": 93, "no_price_dollars": "0.9300", "price": 0.07, "taker_side": "no", "ticker": "KXINX-26MAR06H1600-B6912", "trade_id": "a6779c7d-2944-6c30-484a-246c7bdd0a38", "yes_price": 7, "yes_price_dollars": "0.0700"}
{"count": 60, "count_fp": "60.00", "created_time": "2026-03-06T03:30:56.492611Z", "no_price": 92, "no_price_dollars": "0.9200", "price": 0.08, "taker_side": "no", "ticker": "KXINX-26MAR06H1600-B6912", "trade_id": "4b294c40-c6a8-6528-6458-9385b3a7f2a5", "yes_price": 8, "yes_price_dollars": "0.0800"}
{"count": 85, "count_fp": "85.00", "created_time": "2026-03-06T02:20:19.440444Z", "no_price": 90, "no_price_dollars": "0.9000", "price": 0.1, "taker_side": "yes", "ticker": "KXINX-26MAR06H1600-B6912", "trade_id": "9596b738-0c26-789b-c82f-7d0f36cfaef8", "yes_price": 10, "yes_price_dollars": "0.1000"}
{"count": 2, "count_fp": "2.00", "created_time": "2026-03-06T14:13:20.011518Z", "no_price": 98, "no_price_dollars": "0.9800", "price": 0.02, "taker_side": "yes", "ticker": "KXINX-26MAR06H1600-B6887", "trade_id": "e2010fa0-885f-6be1-1ae8-d0b4b6173163", "yes_price": 2, "yes_price_dollars": "0.0200"}
{"count": 147, "count_fp": "147.00", "created_time": "2026-03-06T14:13:20.011518Z", "no_price": 95, "no_price_dollars": "0.9500", "price": 0.05, "taker_side": "yes", "ticker": "KXINX-26MAR06H1600-B6887", "trade_id": "c51ca837-878b-6b71-275a-bdc63fcf2319", "yes_price": 5, "yes_price_dollars": "0.0500"}
{"count": 10, "count_fp": "10.00", "created_time": "2026-03-06T14:13:20.011518Z", "no_price": 98, "no_price_dollars": "0.9800", "price": 0.02, "taker_side": "yes", "ticker": "KXINX-26MAR06H1600-B6887", "trade_id": "69454b8f-8cc1-658b-3e07-4884aa2ffa59", "yes_price": 2, "yes_price_dollars": "0.0200"}
{"count": 52, "count_fp": "52.00", "created_time": "2026-03-06T14:13:20.011518Z", "no_price": 96, "no_price_dollars": "0.9600", "price": 0.04, "taker_side": "yes", "ticker": "KXINX-26MAR06H1600-B6887", "trade_id": "19b07e43-8ad8-615c-3fe3-1e1e26c962ad", "yes_price": 4, "yes_price_dollars": "0.0400"}
{"count": 18, "count_fp": "18.00", "created_time": "2026-03-06T14:10:41.565051Z", "no_price": 99, "no_price_dollars": "0.9900", "price": 0.01, "taker_side": "no", "ticker": "KXINX-26MAR06H1600-B6887", "trade_id": "b7fc96c7-6bc9-4960-1971-bf2661ddc9e4", "yes_price": 1, "yes_price_dollars": "0.0100"}
{"count": 18, "count_fp": "18.00", "created_time": "2026-03-06T14:06:23.379219Z", "no_price": 99, "no_price_dollars": "0.9900", "price": 0.01, "taker_side": "no", "ticker": "KXINX-26MAR06H1600-B6887", "trade_id": "34fa911f-f2f6-6496-c303-768ea78686ea", "yes_price": 1, "yes_price_dollars": "0.0100"}
{"count": 17, "count_fp": "17.00", "created_time": "2026-03-06T14:04:56.127478Z", "no_price": 98, "no_price_dollars": "0.9800", "price": 0.02, "taker_side": "yes", "ticker": "KXINX-26MAR06H1600-B6887", "trade_id": "a27629b5-c9c1-7c5f-71f7-5d8b85d61f51", "yes_price": 2, "yes_price_dollars": "0.0200"}
{"count": 21, "count_fp": "21.00", "created_time": "2026-03-06T14:03:05.969593Z", "no_price": 99, "no_price_dollars": "0.9900", "price": 0.01, "taker_side": "no", "ticker": "KXINX-26MAR06H1600-B6887", "trade_id": "fc773627-1c0a-565e-7983-55529cbb1a16", "yes_price": 1, "yes_price_dollars": "0.0100"}
{"count": 33, "count_fp": "33.00", "created_time": "2026-03-06T13:58:14.884018Z", "no_price": 96, "no_price_dollars": "0.9600", "price": 0.04, "taker_side": "no", "ticker": "KXINX-26MAR06H1600-B6887", "trade_id": "a26546c8-8630-461e-091d-5056ef49656f", "yes_price": 4, "yes_price_dollars": "0.0400"}
{"count": 112, "count_fp": "112.00", "created_time": "2026-03-06T13:58:14.884018Z", "no_price": 95, "no_price_dollars": "0.9500", "price": 0.05, "taker_side": "no", "ticker": "KXINX-26MAR06H1600-B6887", "trade_id": "1a2362ce-7604-415b-1457-54ec9902be75", "yes_price": 5, "yes_price_dollars": "0.0500"}
{"count": 12, "count_fp": "12.00", "created_time": "2026-03-06T13:43:47.555826Z", "no_price": 95, "no_price_dollars": "0.9500", "price": 0.05, "taker_side": "no", "ticker": "KXINX-26MAR06H1600-B6887", "trade_id": "63b2924e-b380-43e3-489b-908346a06649", "yes_price": 5, "yes_price_dollars": "0.0500"}
{"count": 10, "count_fp": "10.00", "created_time": "2026-03-06T13:43:39.986493Z", "no_price": 95, "no_price_dollars": "0.9500", "price": 0.05, "taker_side": "no", "ticker": "KXINX-26MAR06H1600-B6887", "trade_id": "565776c4-193c-7a07-462f-747dd5f78349", "yes_price": 5, "yes_price_dollars": "0.0500"}
{"count": 3, "count_fp": "3.00", "created_time": "2026-03-06T13:43:38.752582Z", "no_price": 94, "no_price_dollars": "0.9400", "price": 0.06, "taker_side": "no", "ticker": "KXINX-26MAR06H1600-B6887", "trade_id": "e76a885f-8ce2-6663-6bfa-8c34a238ea08", "yes_price": 6, "yes_price_dollars": "0.0600"}
{"count": 24, "count_fp": "24.00", "created_time": "2026-03-06T13:37:52.749868Z", "no_price": 94, "no_price_dollars": "0.9400", "price": 0.06, "taker_side": "no", "ticker": "KXINX-26MAR06H1600-B6887", "trade_id": "b2fee7a8-57f6-5f0f-8a4f-f3676cf5f7dc", "yes_price": 6, "yes_price_dollars": "0.0600"}
{"count": 4, "count_fp": "4.00", "created_time": "2026-03-06T13:34:47.635602Z", "no_price": 94, "no_price_dollars": "0.9400", "price": 0.06, "taker_side": "no", "ticker": "KXINX-26MAR06H1600-B6887", "trade_id": "369c5f69-db96-5d6c-3e5b-f768927386b9", "yes_price": 6, "yes_price_dollars": "0.0600"}
{"count": 4, "count_fp": "4.00", "created_time": "2026-03-06T13:34:46.408906Z", "no_price": 94, "no_price_dollars": "0.9400", "price": 0.06, "taker_side": "no", "ticker": "KXINX-26MAR06H1600-B6887", "trade_id": "906a3db0-6ea2-6924-3f3e-86d0ee993ba5", "yes_price": 6, "yes_price_dollars": "0.0600"}
{"count": 4, "count_fp": "4.00", "created_time": "2026-03-06T13:34:45.183166Z", "no_price": 94, "no_price_dollars": "0.9400", "price": 0.06, "taker_side": "no", "ticker": "KXINX-26MAR06H1600-B6887", "trade_id": "2e6124ea-66ae-681c-d02c-bee68d848c25", "yes_price": 6, "yes_price_dollars": "0.0600"}
{"count": 5, "count_fp": "5.00", "created_time": "2026-03-06T13:34:43.913386Z", "no_price": 94, "no_price_dollars": "0.9400", "price": 0.06, "taker_side": "no", "ticker": "KXINX-26MAR06H1600-B6887", "trade_id": "73943a5a-8c36-46a0-16b9-5ebacb75f075", "yes_price": 6, "yes_price_dollars": "0.0600"}
{"count": 2, "count_fp": "2.00", "created_time": "2026-03-06T13:34:41.920171Z", "no_price": 94, "no_price_dollars": "0.9400", "price": 0.06, "taker_side": "no", "ticker": "KXINX-26MAR06H1600-B6887", "trade_id": "72a5a3d4-ce0e-4d74-da3e-2239c112b9dd", "yes_price": 6, "yes_price_dollars": "0.0600"}
{"count": 2, "count_fp": "2.00", "created_time": "2026-03-06T13:30:09.024061Z", "no_price": 94, "no_price_dollars": "0.9400", "price": 0.06, "taker_side": "no", "ticker": "KXINX-26MAR06H1600-B6887", "trade_id": "e97dce9f-cf4c-5f4a-a2a9-a393ff93ed42", "yes_price": 6, "yes_price_dollars": "0.0600"}
{"count": 8, "count_fp": "8.00", "created_time": "2026-03-06T12:12:59.612371Z", "no_price": 89, "no_price_dollars": "0.8900", "price": 0.11, "taker_side": "yes", "ticker": "KXINX-26MAR06H1600-B6887", "trade_id": "82a3b224-2248-5cf4-d9e1-69200c72de11", "yes_price": 11, "yes_price_dollars": "0.1100"}
{"count": 7, "count_fp": "7.00", "created_time": "2026-03-06T06:26:38.766381Z", "no_price": 87, "no_price_dollars": "0.8700", "price": 0.13, "taker_side": "yes", "ticker": "KXINX-26MAR06H1600-B6887", "trade_id": "fb134cef-d156-5c92-646b-b464c46e6f56", "yes_price": 13, "yes_price_dollars": "0.1300"}
{"count": 14, "count_fp": "14.00", "created_time": "2026-03-06T06:24:21.870228Z", "no_price": 87, "no_price_dollars": "0.8700", "price": 0.13, "taker_side": "yes", "ticker": "KXINX-26MAR06H1600-B6887", "trade_id": "e3608b70-0b96-508e-9abf-46da895af142", "yes_price": 13, "yes_price_dollars": "0.1300"}
{"count": 37, "count_fp": "37.00", "created_time": "2026-03-06T06:08:16.742356Z", "no_price": 87, "no_price_dollars": "0.8700", "price": 0.13, "taker_side": "yes", "ticker": "KXINX-26MAR06H1600-B6887", "trade_id": "ebf6dd3c-7812-70ba-b9db-a3753ace0692", "yes_price": 13, "yes_price_dollars": "0.1300"}
{"count": 37, "count_fp": "37.00", "created_time": "2026-03-06T06:06:15.307582Z", "no_price": 87, "no_price_dollars": "0.8700", "price": 0.13, "taker_side": "yes", "ticker": "KXINX-26MAR06H1600-B6887", "trade_id": "37e08555-aab2-57ca-4fcb-d3a0e1a645d6", "yes_price": 13, "yes_price_dollars": "0.1300"}
{"count": 10, "count_fp": "10.00", "created_time": "2026-03-06T05:28:31.53961Z", "no_price": 89, "no_price_dollars": "0.8900", "price": 0.11, "taker_side": "no", "ticker": "KXINX-26MAR06H1600-B6887", "trade_id": "293653d7-0846-7ad6-6038-b00a81917b36", "yes_price": 11, "yes_price_dollars": "0.1100"}
{"count": 17, "count_fp": "17.00", "created_time": "2026-03-06T05:22:21.394971Z", "no_price": 87, "no_price_dollars": "0.8700", "price": 0.13, "taker_side": "yes", "ticker": "KXINX-26MAR06H1600-B6887", "trade_id": "9488496e-e08a-67f6-7320-aca8421ffb3e", "yes_price": 13, "yes_price_dollars": "0.1300"}
{"count": 2, "count_fp": "2.00", "created_time": "2026-03-06T05:22:21.394971Z", "no_price": 88, "no_price_dollars": "0.8800", "price": 0.12, "taker_side": "yes", "ticker": "KXINX-26MAR06H1600-B6887", "trade_id": "7902026a-80fd-665a-5e33-de89cefd5646", "yes_price": 12, "yes_price_dollars": "0.1200"}
{"count": 2, "count_fp": "2.00", "created_time": "2026-03-06T05:12:32.775098Z", "no_price": 88, "no_price_dollars": "0.8800", "price": 0.12, "taker_side": "yes", "ticker": "KXINX-26MAR06H1600-B6887", "trade_id": "d884eee7-8ecf-7f68-5d16-d0d1c4eba24a", "yes_price": 12, "yes_price_dollars": "0.1200"}
{"count": 18, "count_fp": "18.00", "created_time": "2026-03-06T05:12:32.775098Z", "no_price": 88, "no_price_dollars": "0.8800", "price": 0.12, "taker_side": "yes", "ticker": "KXINX-26MAR06H1600-B6887", "trade_id": "c918102d-4c8b-7968-6a96-01f6db4f6aad", "yes_price": 12, "yes_price_dollars": "0.1200"}
{"count": 18, "count_fp": "18.00", "created_time": "2026-03-06T05:12:32.775098Z", "no_price": 87, "no_price_dollars": "0.8700", "price": 0.13, "taker_side": "yes", "ticker": "KXINX-26MAR06H1600-B6887", "trade_id": "41847e11-3ba6-726e-7d33-27cf26866b02", "yes_price": 13, "yes_price_dollars": "0.1300"}
{"count": 11, "count_fp": "11.00", "created_time": "2026-03-06T04:02:05.882445Z", "no_price": 90, "no_price_dollars": "0.9000", "price": 0.1, "taker_side": "no", "ticker": "KXINX-26MAR06H1600-B6887", "trade_id": "b0926e4c-4aee-54d6-04d4-77252fe4df66", "yes_price": 10, "yes_price_dollars": "0.1000"}
{"count": 60, "count_fp": "60.00", "created_time": "2026-03-06T03:38:58.783217Z", "no_price": 90, "no_price_dollars": "0.9000", "price": 0.1, "taker_side": "no", "ticker": "KXINX-26MAR06H1600-B6887", "trade_id": "056271f6-15c5-53a0-b617-0d2849617d1c", "yes_price": 10, "yes_price_dollars": "0.1000"}
{"count": 60, "count_fp": "60.00", "created_time": "2026-03-06T03:29:17.002303Z", "no_price": 88, "no_price_dollars": "0.8800", "price": 0.12, "taker_side": "no", "ticker": "KXINX-26MAR06H1600-B6887", "trade_id": "95632ce1-0fd6-7c4b-15a0-2cc8cbe6ce4e", "yes_price": 12, "yes_price_dollars": "0.1200"}
{"count": 300, "count_fp": "300.00", "created_time": "2026-03-06T02:20:53.517936Z", "no_price": 87, "no_price_dollars": "0.8700", "price": 0.13, "taker_side": "yes", "ticker": "KXINX-26MAR06H1600-B6887", "trade_id": "df4d07d8-3b57-427e-187e-7eb15c8a4bbe", "yes_price": 13, "yes_price_dollars": "0.1300"}
{"count": 132, "count_fp": "132.00", "created_time": "2026-03-06T02:20:53.517936Z", "no_price": 84, "no_price_dollars": "0.8400", "price": 0.16, "taker_side": "yes", "ticker": "KXINX-26MAR06H1600-B6887", "trade_id": "94b1daf3-42b4-4e1d-06b2-a46f8639eeb8", "yes_price": 16, "yes_price_dollars": "0.1600"}
{"count": 4, "count_fp": "4.00", "created_time": "2026-03-06T02:20:53.517936Z", "no_price": 92, "no_price_dollars": "0.9200", "price": 0.08, "taker_side": "yes", "ticker": "KXINX-26MAR06H1600-B6887", "trade_id": "70f0aada-0419-4bf9-354e-8af7c3718f83", "yes_price": 8, "yes_price_dollars": "0.0800"}
{"count": 20, "count_fp": "20.00", "created_time": "2026-03-06T02:20:53.517936Z", "no_price": 92, "no_price_dollars": "0.9200", "price": 0.08, "taker_side": "yes", "ticker": "KXINX-26MAR06H1600-B6887", "trade_id": "1a7c7ab2-dc38-45a2-1534-aefb65c013e9", "yes_price": 8, "yes_price_dollars": "0.0800"}
{"count": 30, "count_fp": "30.00", "created_time": "2026-03-06T17:00:38.573273Z", "no_price": 99, "no_price_dollars": "0.9900", "price": 0.01, "taker_side": "no", "ticker": "KXINX-26MAR06H1600-B6862", "trade_id": "ca3dbe3a-de87-772c-cbe1-ca0e809f4929", "yes_price": 1, "yes_price_dollars": "0.0100"}
{"count": 5, "count_fp": "5.00", "created_time": "2026-03-06T16:55:47.219768Z", "no_price": 99, "no_price_dollars": "0.9900", "price": 0.01, "taker_side": "yes", "ticker": "KXINX-26MAR06H1600-B6862", "trade_id": "b93c931e-121b-4826-1e5c-fd36b565bb9e", "yes_price": 1, "yes_price_dollars": "0.0100"}
{"count": 5, "count_fp": "5.00", "created_time": "2026-03-06T16:55:47.219768Z", "no_price": 99, "no_price_dollars": "0.9900", "price": 0.01, "taker_side": "yes", "ticker": "KXINX-26MAR06H1600-B6862", "trade_id": "6c0a1608-7fa7-4d80-12b0-9d875d27198c", "yes_price": 1, "yes_price_dollars": "0.0100"}
{"count": 1, "count_fp": "1.00", "created_time": "2026-03-06T16:55:47.219768Z", "no_price": 99, "no_price_dollars": "0.9900", "price": 0.01, "taker_side": "yes", "ticker": "KXINX-26MAR06H1600-B6862", "trade_id": "662fb647-e3b2-4174-33ac-f6608398578d", "yes_price": 1, "yes_price_dollars": "0.0100"}
{"count": 5, "count_fp": "5.00", "created_time": "2026-03-06T16:55:47.219768Z", "no_price": 99, "no_price_dollars": "0.9900", "price": 0.01, "taker_side": "yes", "ticker": "KXINX-26MAR06H1600-B6862", "trade_id": "54e1d2eb-d769-4773-3c19-806d329e028f", "yes_price": 1, "yes_price_dollars": "0.0100"}
{"count": 5, "count_fp": "5.00", "created_time": "2026-03-06T16:55:47.219768Z", "no_price": 99, "no_price_dollars": "0.9900", "price": 0.01, "taker_side": "yes", "ticker": "KXINX-26MAR06H1600-B6862", "trade_id": "2e1cfe65-99ca-445b-2d1b-bf6c49783b7b", "yes_price": 1, "yes_price_dollars": "0.0100"}
{"count": 5, "count_fp": "5.00", "created_time": "2026-03-06T16:55:47.219768Z", "no_price": 99, "no_price_dollars": "0.9900", "price": 0.01, "taker_side": "yes", "ticker": "KXINX-26MAR06H1600-B6862", "trade_id": "0b27250e-3f6c-459e-07ef-e14e1b861daf", "yes_price": 1, "yes_price_dollars": "0.0100"}
{"count": 4, "count_fp": "4.00", "created_time": "2026-03-06T16:36:41.915906Z", "no_price": 99, "no_price_dollars": "0.9900", "price": 0.01, "taker_side": "no", "ticker": "KXINX-26MAR06H1600-B6862", "trade_id": "82ef5e21-9672-7435-4808-d0445d647b22", "yes_price": 1, "yes_price_dollars": "0.0100"}
{"count": 5, "count_fp": "5.00", "created_time": "2026-03-06T16:36:40.952643Z", "no_price": 99, "no_price_dollars": "0.9900", "price": 0.01, "taker_side": "no", "ticker": "KXINX-26MAR06H1600-B6862", "trade_id": "c36b0180-947a-7bb5-6956-e2dba45af34a", "yes_price": 1, "yes_price_dollars": "0.0100"}
{"count": 5, "count_fp": "5.00", "created_time": "2026-03-06T16:36:40.222099Z", "no_price": 99, "no_price_dollars": "0.9900", "price": 0.01, "taker_side": "no", "ticker": "KXINX-26MAR06H1600-B6862", "trade_id": "88633f9f-31ee-5381-895c-56a21d6223ea", "yes_price": 1, "yes_price_dollars": "0.0100"}
{"count": 5, "count_fp": "5.00", "created_time": "2026-03-06T16:36:39.91229Z", "no_price": 99, "no_price_dollars": "0.9900", "price": 0.01, "taker_side": "no", "ticker": "KXINX-26MAR06H1600-B6862", "trade_id": "480d900e-ad3e-6f15-b9b7-51f5065a3c62", "yes_price": 1, "yes_price_dollars": "0.0100"}
{"count": 5, "count_fp": "5.00", "created_time": "2026-03-06T16:36:38.778126Z", "no_price": 99, "no_price_dollars": "0.9900", "price": 0.01, "taker_side": "no", "ticker": "KXINX-26MAR06H1600-B6862", "trade_id": "ec3a9851-258a-5729-f620-fba76b726646", "yes_price": 1, "yes_price_dollars": "0.0100"}
{"count": 5, "count_fp": "5.00", "created_time": "2026-03-06T16:36:38.448311Z", "no_price": 99, "no_price_dollars": "0.9900", "price": 0.01, "taker_side": "no", "ticker": "KXINX-26MAR06H1600-B6862", "trade_id": "c5cfa5c6-d216-6289-640a-351f2fe382c6", "yes_price": 1, "yes_price_dollars": "0.0100"}
{"count": 5, "count_fp": "5.00", "created_time": "2026-03-06T16:36:38.200192Z", "no_price": 99, "no_price_dollars": "0.9900", "price": 0.01, "taker_side": "no", "ticker": "KXINX-26MAR06H1600-B6862", "trade_id": "51cb3f2e-164a-561d-9fa1-c886b67f3c06", "yes_price": 1, "yes_price_dollars": "0.0100"}
{"count": 1, "count_fp": "1.00", "created_time": "2026-03-06T15:34:48.013967Z", "no_price": 99, "no_price_dollars": "0.9900", "price": 0.01, "taker_side": "no", "ticker": "KXINX-26MAR06H1600-B6862", "trade_id": "9de3e0ee-18ae-6ebd-5055-d55877d874c2", "yes_price": 1, "yes_price_dollars": "0.0100"}
{"count": 13, "count_fp": "13.00", "created_time": "2026-03-06T15:22:57.299627Z", "no_price": 99, "no_price_dollars": "0.9900", "price": 0.01, "taker_side": "no", "ticker": "KXINX-26MAR06H1600-B6862", "trade_id": "bf222cf2-0b8e-5c15-f465-6e434ccaff5e", "yes_price": 1, "yes_price_dollars": "0.0100"}
{"count": 7, "count_fp": "7.00", "created_time": "2026-03-06T15:22:56.055693Z", "no_price": 99, "no_price_dollars": "0.9900", "price": 0.01, "taker_side": "no", "ticker": "KXINX-26MAR06H1600-B6862", "trade_id": "b7b950c9-d542-51fd-69f2-d600c618e076", "yes_price": 1, "yes_price_dollars": "0.0100"}
{"count": 5, "count_fp": "5.00", "created_time": "2026-03-06T15:22:53.758359Z", "no_price": 99, "no_price_dollars": "0.9900", "price": 0.01, "taker_side": "no", "ticker": "KXINX-26MAR06H1600-B6862", "trade_id": "b47dd753-7976-4a59-1905-5b85c3227576", "yes_price": 1, "yes_price_dollars": "0.0100"}
{"count": 8, "count_fp": "8.00", "created_time": "2026-03-06T15:04:53.961987Z", "no_price": 98, "no_price_dollars": "0.9800", "price": 0.02, "taker_side": "yes", "ticker": "KXINX-26MAR06H1600-B6862", "trade_id": "23dbc8ae-05b5-5739-a65c-62dab9f7f8cb", "yes_price": 2, "yes_price_dollars": "0.0200"}
{"count": 1, "count_fp": "1.00", "created_time": "2026-03-06T14:59:09.632121Z", "no_price": 98, "no_price_dollars": "0.9800", "price": 0.02, "taker_side": "no", "ticker": "KXINX-26MAR06H1600-B6862", "trade_id": "8534ab59-bb05-440f-ad9e-09ab3d500ef8", "yes_price": 2, "yes_price_dollars": "0.0200"}
{"count": 60, "count_fp": "60.00", "created_time": "2026-03-06T14:59:09.632121Z", "no_price": 98, "no_price_dollars": "0.9800", "price": 0.02, "taker_side": "no", "ticker": "KXINX-26MAR06H1600-B6862", "trade_id": "390f1e4c-b610-4eca-a65d-1631d69c06c2", "yes_price": 2, "yes_price_dollars": "0.0200"}
{"count": 100, "count_fp": "100.00", "created_time": "2026-03-06T14:48:17.401543Z", "no_price": 96, "no_price_dollars": "0.9600", "price": 0.04, "taker_side": "no", "ticker": "KXINX-26MAR06H1600-B6862", "trade_id": "b546b545-1010-5adb-e44e-8e2a8f6bc154", "yes_price": 4, "yes_price_dollars": "0.0400"}
{"count": 7, "count_fp": "7.00", "created_time": "2026-03-06T14:47:49.930097Z", "no_price": 93, "no_price_dollars": "0.9300", "price": 0.07, "taker_side": "yes", "ticker": "KXINX-26MAR06H1600-B6862", "trade_id": "a22b17b2-5648-4aa2-f477-6c4dc7a8037a", "yes_price": 7, "yes_price_dollars": "0.0700"}
{"count": 26, "count_fp": "26.00", "created_time": "2026-03-06T14:13:51.990245Z", "no_price": 95, "no_price_dollars": "0.9500", "price": 0.05, "taker_side": "yes", "ticker": "KXINX-26MAR06H1600-B6862", "trade_id": "d3ecd58d-ef31-48c2-44a4-d0dea1a2428f", "yes_price": 5, "yes_price_dollars": "0.0500"}
{"count": 106, "count_fp": "106.00", "created_time": "2026-03-06T14:13:51.990245Z", "no_price": 93, "no_price_dollars": "0.9300", "price": 0.07, "taker_side": "yes", "ticker": "KXINX-26MAR06H1600-B6862", "trade_id": "732294a8-00d4-494e-571e-11b8b959c432", "yes_price": 7, "yes_price_dollars": "0.0700"}
{"count": 15, "count_fp": "15.00", "created_time": "2026-03-06T14:13:51.990245Z", "no_price": 94, "no_price_dollars": "0.9400", "price": 0.06, "taker_side": "yes", "ticker": "KXINX-26MAR06H1600-B6862", "trade_id": "4469e5f6-0ae7-472e-680a-21d94c8c9a5e", "yes_price": 6, "yes_price_dollars": "0.0600"}
{"count": 21, "count_fp": "21.00", "created_time": "2026-03-06T14:03:17.248377Z", "no_price": 97, "no_price_dollars": "0.9700", "price": 0.03, "taker_side": "no", "ticker": "KXINX-26MAR06H1600-B6862", "trade_id": "9fbf00d7-113f-51f4-8476-381f893f5178", "yes_price": 3, "yes_price_dollars": "0.0300"}
{"count": 8, "count_fp": "8.00", "created_time": "2026-03-06T13:59:34.860971Z", "no_price": 95, "no_price_dollars": "0.9500", "price": 0.05, "taker_side": "yes", "ticker": "KXINX-26MAR06H1600-B6862", "trade_id": "4dbdc48a-6362-7ce9-9e9c-080b6beeac97", "yes_price": 5, "yes_price_dollars": "0.0500"}
{"count": 7, "count_fp": "7.00", "created_time": "2026-03-06T13:59:34.860971Z", "no_price": 95, "no_price_dollars": "0.9500", "price": 0.05, "taker_side": "yes", "ticker": "KXINX-26MAR06H1600-B6862", "trade_id": "49217a7f-fafb-78fa-b3fb-1c97f6dbcf5f", "yes_price": 5, "yes_price_dollars": "0.0500"}
{"count": 2, "count_fp": "2.00", "created_time": "2026-03-06T13:57:07.215898Z", "no_price": 95, "no_price_dollars": "0.9500", "price": 0.05, "taker_side": "yes", "ticker": "KXINX-26MAR06H1600-B6862", "trade_id": "344c738a-5532-571d-5805-ddda286b1db3", "yes_price": 5, "yes_price_dollars": "0.0500"}
{"count": 15, "count_fp": "15.00", "created_time": "2026-03-06T13:49:58.099925Z", "no_price": 94, "no_price_dollars": "0.9400", "price": 0.06, "taker_side": "yes", "ticker": "KXINX-26MAR06H1600-B6862", "trade_id": "b4c8beba-c988-5a08-9dd2-984a605be2d3", "yes_price": 6, "yes_price_dollars": "0.0600"}
{"count": 42, "count_fp": "42.00", "created_time": "2026-03-06T13:49:58.099925Z", "no_price": 94, "no_price_dollars": "0.9400", "price": 0.06, "taker_side": "yes", "ticker": "KXINX-26MAR06H1600-B6862", "trade_id": "8fb5e9d5-f067-5645-bea6-ec43f8a97626", "yes_price": 6, "yes_price_dollars": "0.0600"}
{"count": 23, "count_fp": "23.00", "created_time": "2026-03-06T13:45:29.153328Z", "no_price": 93, "no_price_dollars": "0.9300", "price": 0.07, "taker_side": "no", "ticker": "KXINX-26MAR06H1600-B6862", "trade_id": "dd5ed1a3-5c52-5ab6-cb20-dd4fcd1b7348", "yes_price": 7, "yes_price_dollars": "0.0700"}
{"count": 2, "count_fp": "2.00", "created_time": "2026-03-06T13:45:29.153328Z", "no_price": 92, "no_price_dollars": "0.9200", "price": 0.08, "taker_side": "no", "ticker": "KXINX-26MAR06H1600-B6862", "trade_id": "c3da630b-958a-5a16-ca79-a1a809c0b6e0", "yes_price": 8, "yes_price_dollars": "0.0800"}
{"count": 2, "count_fp": "2.00", "created_time": "2026-03-06T13:45:29.153328Z", "no_price": 94, "no_price_dollars": "0.9400", "price": 0.06, "taker_side": "no", "ticker": "KXINX-26MAR06H1600-B6862", "trade_id": "3fbd6295-644c-5dae-f330-6841e6ce951f", "yes_price": 6, "yes_price_dollars": "0.0600"}
{"count": 26, "count_fp": "26.00", "created_time": "2026-03-06T13:45:29.153328Z", "no_price": 95, "no_price_dollars": "0.9500", "price": 0.05, "taker_side": "no", "ticker": "KXINX-26MAR06H1600-B6862", "trade_id": "31080d5e-1ff3-5b88-eef4-191fec953064", "yes_price": 5, "yes_price_dollars": "0.0500"}
{"count": 12, "count_fp": "12.00", "created_time": "2026-03-06T13:43:47.563973Z", "no_price": 91, "no_price_dollars": "0.9100", "price": 0.09, "taker_side": "no", "ticker": "KXINX-26MAR06H1600-B6862", "trade_id": "a4a6d222-3328-485e-a55b-162152d7615d", "yes_price": 9, "yes_price_dollars": "0.0900"}
{"count": 7, "count_fp": "7.00", "created_time": "2026-03-06T13:43:39.986873Z", "no_price": 90, "no_price_dollars": "0.9000", "price": 0.1, "taker_side": "no", "ticker": "KXINX-26MAR06H1600-B6862", "trade_id": "2c450249-f038-53ab-cbfd-c32c37465e94", "yes_price": 10, "yes_price_dollars": "0.1000"}
{"count": 3, "count_fp": "3.00", "created_time": "2026-03-06T13:43:39.986873Z", "no_price": 90, "no_price_dollars": "0.9000", "price": 0.1, "taker_side": "no", "ticker": "KXINX-26MAR06H1600-B6862", "trade_id": "2c05ea06-6c40-5589-ef65-837ebd8a5f54", "yes_price": 10, "yes_price_dollars": "0.1000"}
{"count": 3, "count_fp": "3.00", "created_time": "2026-03-06T13:43:38.757309Z", "no_price": 90, "no_price_dollars": "0.9000", "price": 0.1, "taker_side": "no", "ticker": "KXINX-26MAR06H1600-B6862", "trade_id": "fa466a3a-011c-5415-20ec-5aa675aa24dc", "yes_price": 10, "yes_price_dollars": "0.1000"}
{"count": 10, "count_fp": "10.00", "created_time": "2026-03-06T13:40:04.528256Z", "no_price": 85, "no_price_dollars": "0.8500", "price": 0.15, "taker_side": "no", "ticker": "KXINX-26MAR06H1600-B6862", "trade_id": "c02b5365-8f6e-5191-54b8-5078e5c9ee2b", "yes_price": 15, "yes_price_dollars": "0.1500"}
{"count": 20, "count_fp": "20.00", "created_time": "2026-03-06T13:37:52.748408Z", "no_price": 90, "no_price_dollars": "0.9000", "price": 0.1, "taker_side": "no", "ticker": "KXINX-26MAR06H1600-B6862", "trade_id": "72e33ce6-8f2a-6e71-fa3a-bfe68008f664", "yes_price": 10, "yes_price_dollars": "0.1000"}
{"count": 3, "count_fp": "3.00", "created_time": "2026-03-06T13:37:52.748408Z", "no_price": 90, "no_price_dollars": "0.9000", "price": 0.1, "taker_side": "no", "ticker": "KXINX-26MAR06H1600-B6862", "trade_id": "0255f4ce-29f9-6e20-e7b8-1a0372981ccc", "yes_price": 10, "yes_price_dollars": "0.1000"}
{"count": 1, "count_fp": "1.00", "created_time": "2026-03-06T13:37:52.748408Z", "no_price": 90, "no_price_dollars": "0.9000", "price": 0.1, "taker_side": "no", "ticker": "KXINX-26MAR06H1600-B6862", "trade_id": "00500e89-4186-620e-c804-52076ab1088c", "yes_price": 10, "yes_price_dollars": "0.1000"}
{"count": 3, "count_fp": "3.00", "created_time": "2026-03-06T13:35:51.814296Z", "no_price": 90, "no_price_dollars": "0.9000", "price": 0.1, "taker_side": "no", "ticker": "KXINX-26MAR06H1600-B6862", "trade_id": "53fb8757-fbbe-777a-6dbf-a3f4be04778c", "yes_price": 10, "yes_price_dollars": "0.1000"}
{"count": 4, "count_fp": "4.00", "created_time": "2026-03-06T13:35:50.583669Z", "no_price": 90, "no_price_dollars": "0.9000", "price": 0.1, "taker_side": "no", "ticker": "KXINX-26MAR06H1600-B6862", "trade_id": "79fdba10-b798-6fdd-392f-56838756b940", "yes_price": 10, "yes_price_dollars": "0.1000"}
{"count": 4, "count_fp": "4.00", "created_time": "2026-03-06T13:35:49.364508Z", "no_price": 90, "no_price_dollars": "0.9000", "price": 0.1, "taker_side": "no", "ticker": "KXINX-26MAR06H1600-B6862", "trade_id": "e1ed7891-b5ee-6d79-1a9f-78f6386e2d65", "yes_price": 10, "yes_price_dollars": "0.1000"}
{"count": 4, "count_fp": "4.00", "created_time": "2026-03-06T13:35:48.143539Z", "no_price": 90, "no_price_dollars": "0.9000", "price": 0.1, "taker_side": "no", "ticker": "KXINX-26MAR06H1600-B6862", "trade_id": "03e42211-55dc-6032-58e6-fd7551b58aa4", "yes_price": 10, "yes_price_dollars": "0.1000"}
{"count": 4, "count_fp": "4.00", "created_time": "2026-03-06T13:35:02.990753Z", "no_price": 89, "no_price_dollars": "0.8900", "price": 0.11, "taker_side": "no", "ticker": "KXINX-26MAR06H1600-B6862", "trade_id": "34c5e0f6-0660-46fd-05ca-92d1f08e6dc2", "yes_price": 11, "yes_price_dollars": "0.1100"}
{"count": 4, "count_fp": "4.00", "created_time": "2026-03-06T13:35:01.763774Z", "no_price": 89, "no_price_dollars": "0.8900", "price": 0.11, "taker_side": "no", "ticker": "KXINX-26MAR06H1600-B6862", "trade_id": "e75433eb-6ce2-5f59-0ef6-aeddf4ad4a93", "yes_price": 11, "yes_price_dollars": "0.1100"}
{"count": 4, "count_fp": "4.00", "created_time": "2026-03-06T13:35:00.5423Z", "no_price": 89, "no_price_dollars": "0.8900", "price": 0.11, "taker_side": "no", "ticker": "KXINX-26MAR06H1600-B6862", "trade_id": "760736c9-c8c6-65ba-1ecd-498e94837144", "yes_price": 11, "yes_price_dollars": "0.1100"}
{"count": 4, "count_fp": "4.00", "created_time": "2026-03-06T13:34:47.633625Z", "no_price": 89, "no_price_dollars": "0.8900", "price": 0.11, "taker_side": "no", "ticker": "KXINX-26MAR06H1600-B6862", "trade_id": "a2d8d634-531b-6276-71d6-fa0aadae62f1", "yes_price": 11, "yes_price_dollars": "0.1100"}
{"count": 4, "count_fp": "4.00", "created_time": "2026-03-06T13:34:46.413993Z", "no_price": 89, "no_price_dollars": "0.8900", "price": 0.11, "taker_side": "no", "ticker": "KXINX-26MAR06H1600-B6862", "trade_id": "4762e3b6-ae0c-76dd-ce3f-42d5c1970aad", "yes_price": 11, "yes_price_dollars": "0.1100"}
{"count": 4, "count_fp": "4.00", "created_time": "2026-03-06T13:34:45.139887Z", "no_price": 89, "no_price_dollars": "0.8900", "price": 0.11, "taker_side": "no", "ticker": "KXINX-26MAR06H1600-B6862", "trade_id": "d03abcb0-105f-7b14-69da-55e057dad31e", "yes_price": 11, "yes_price_dollars": "0.1100"}
{"count": 5, "count_fp": "5.00", "created_time": "2026-03-06T13:34:43.915941Z", "no_price": 89, "no_price_dollars": "0.8900", "price": 0.11, "taker_side": "no", "ticker": "KXINX-26MAR06H1600-B6862", "trade_id": "312e38d8-2459-4839-4753-18f15498aef5", "yes_price": 11, "yes_price_dollars": "0.1100"}
{"count": 2, "count_fp": "2.00", "created_time": "2026-03-06T13:34:41.920002Z", "no_price": 88, "no_price_dollars": "0.8800", "price": 0.12, "taker_side": "no", "ticker": "KXINX-26MAR06H1600-B6862", "trade_id": "01d1b8c4-bef0-797d-a107-719e479d03af", "yes_price": 12, "yes_price_dollars": "0.1200"}
{"count": 2, "count_fp": "2.00", "created_time": "2026-03-06T13:34:03.088786Z", "no_price": 84, "no_price_dollars": "0.8400", "price": 0.16, "taker_side": "yes", "ticker": "KXINX-26MAR06H1600-B6862", "trade_id": "bd9d2a60-6627-46fc-922f-0519877bc052", "yes_price": 16, "yes_price_dollars": "0.1600"}
{"count": 60, "count_fp": "60.00", "created_time": "2026-03-06T13:34:03.088786Z", "no_price": 86, "no_price_dollars": "0.8600", "price": 0.14, "taker_side": "yes", "ticker": "KXINX-26MAR06H1600-B6862", "trade_id": "6f0b7291-10d8-4056-bf20-e3d71d24021a", "yes_price": 14, "yes_price_dollars": "0.1400"}
{"count": 41, "count_fp": "41.00", "created_time": "2026-03-06T13:34:03.088786Z", "no_price": 85, "no_price_dollars": "0.8500", "price": 0.15, "taker_side": "yes", "ticker": "KXINX-26MAR06H1600-B6862", "trade_id": "5bfe6256-38ae-4dc4-820b-dc46fd6a8e9e", "yes_price": 15, "yes_price_dollars": "0.1500"}
{"count": 23, "count_fp": "23.00", "created_time": "2026-03-06T13:34:03.088786Z", "no_price": 83, "no_price_dollars": "0.8300", "price": 0.17, "taker_side": "yes", "ticker": "KXINX-26MAR06H1600-B6862", "trade_id": "268ad2c9-3a36-47e5-ad27-4ee466797010", "yes_price": 17, "yes_price_dollars": "0.1700"}
{"count": 2, "count_fp": "2.00", "created_time": "2026-03-06T13:30:09.024776Z", "no_price": 87, "no_price_dollars": "0.8700", "price": 0.13, "taker_side": "no", "ticker": "KXINX-26MAR06H1600-B6862", "trade_id": "44caeb0b-62a7-721c-92c1-d0bf2868d438", "yes_price": 13, "yes_price_dollars": "0.1300"}
{"count": 6, "count_fp": "6.00", "created_time": "2026-03-06T12:16:16.118908Z", "no_price": 85, "no_price_dollars": "0.8500", "price": 0.15, "taker_side": "yes", "ticker": "KXINX-26MAR06H1600-B6862", "trade_id": "a7c3bf96-3652-4f30-000f-f5f296642e06", "yes_price": 15, "yes_price_dollars": "0.1500"}
{"count": 8, "count_fp": "8.00", "created_time": "2026-03-06T12:13:29.800583Z", "no_price": 85, "no_price_dollars": "0.8500", "price": 0.15, "taker_side": "yes", "ticker": "KXINX-26MAR06H1600-B6862", "trade_id": "c06b0a8e-ba36-5408-b998-56b6da730412", "yes_price": 15, "yes_price_dollars": "0.1500"}
{"count": 11, "count_fp": "11.00", "created_time": "2026-03-06T10:33:11.161547Z", "no_price": 83, "no_price_dollars": "0.8300", "price": 0.17, "taker_side": "yes", "ticker": "KXINX-26MAR06H1600-B6862", "trade_id": "3ecaba2d-e342-6b75-7fcb-1bbd1c2667dc", "yes_price": 17, "yes_price_dollars": "0.1700"}
{"count": 5, "count_fp": "5.00", "created_time": "2026-03-06T06:28:00.866454Z", "no_price": 83, "no_price_dollars": "0.8300", "price": 0.17, "taker_side": "yes", "ticker": "KXINX-26MAR06H1600-B6862", "trade_id": "5bc1b019-398a-40e9-782a-11ba20c17884", "yes_price": 17, "yes_price_dollars": "0.1700"}
{"count": 5, "count_fp": "5.00", "created_time": "2026-03-06T06:27:09.132833Z", "no_price": 83, "no_price_dollars": "0.8300", "price": 0.17, "taker_side": "yes", "ticker": "KXINX-26MAR06H1600-B6862", "trade_id": "a570529c-937a-68fd-ffa2-7a9386882b40", "yes_price": 17, "yes_price_dollars": "0.1700"}
{"count": 11, "count_fp": "11.00", "created_time": "2026-03-06T06:25:17.886547Z", "no_price": 83, "no_price_dollars": "0.8300", "price": 0.17, "taker_side": "yes", "ticker": "KXINX-26MAR06H1600-B6862", "trade_id": "7422ba9e-16b6-5365-41b2-04f57e3017bc", "yes_price": 17, "yes_price_dollars": "0.1700"}
{"count": 28, "count_fp": "28.00", "created_time": "2026-03-06T06:08:06.393175Z", "no_price": 83, "no_price_dollars": "0.8300", "price": 0.17, "taker_side": "yes", "ticker": "KXINX-26MAR06H1600-B6862", "trade_id": "541b969f-1a86-578d-b34e-ad19a8eaaa28", "yes_price": 17, "yes_price_dollars": "0.1700"}
{"count": 28, "count_fp": "28.00", "created_time": "2026-03-06T06:05:51.396287Z", "no_price": 83, "no_price_dollars": "0.8300", "price": 0.17, "taker_side": "yes", "ticker": "KXINX-26MAR06H1600-B6862", "trade_id": "a295b19a-44ee-52d5-df9c-6a29ccf168a0", "yes_price": 17, "yes_price_dollars": "0.1700"}
{"count": 1, "count_fp": "1.00", "created_time": "2026-03-06T04:34:40.481808Z", "no_price": 83, "no_price_dollars": "0.8300", "price": 0.17, "taker_side": "yes", "ticker": "KXINX-26MAR06H1600-B6862", "trade_id": "5b0405e6-9306-7269-e8d7-228f2c0c2920", "yes_price": 17, "yes_price_dollars": "0.1700"}
{"count": 28, "count_fp": "28.00", "created_time": "2026-03-06T04:07:23.767664Z", "no_price": 83, "no_price_dollars": "0.8300", "price": 0.17, "taker_side": "yes", "ticker": "KXINX-26MAR06H1600-B6862", "trade_id": "18df6c6a-35f2-7fcd-7073-a7a78e429310", "yes_price": 17, "yes_price_dollars": "0.1700"}
{"count": 60, "count_fp": "60.00", "created_time": "2026-03-06T03:29:59.809375Z", "no_price": 86, "no_price_dollars": "0.8600", "price": 0.14, "taker_side": "no", "ticker": "KXINX-26MAR06H1600-B6862", "trade_id": "ebc79514-933c-73c5-a0cb-8461dff7d1ee", "yes_price": 14, "yes_price_dollars": "0.1400"}
{"count": 34, "count_fp": "34.00", "created_time": "2026-03-06T02:49:06.933432Z", "no_price": 82, "no_price_dollars": "0.8200", "price": 0.18, "taker_side": "yes", "ticker": "KXINX-26MAR06H1600-B6862", "trade_id": "441ca05b-dba6-72a1-4e58-4184a21b73e5", "yes_price": 18, "yes_price_dollars": "0.1800"}
{"count": 20, "count_fp": "20.00", "created_time": "2026-03-06T02:49:06.933432Z", "no_price": 82, "no_price_dollars": "0.8200", "price": 0.18, "taker_side": "yes", "ticker": "KXINX-26MAR06H1600-B6862", "trade_id": "19e549d6-db18-71e6-7015-ba18efb1b29e", "yes_price": 18, "yes_price_dollars": "0.1800"}
{"count": 2, "count_fp": "2.00", "created_time": "2026-03-06T02:21:47.449257Z", "no_price": 82, "no_price_dollars": "0.8200", "price": 0.18, "taker_side": "yes", "ticker": "KXINX-26MAR06H1600-B6862", "trade_id": "6d840c80-fb31-6216-a58a-6c6cd95e54e2", "yes_price": 18, "yes_price_dollars": "0.1800"}
{"count": 1, "count_fp": "1.00", "created_time": "2026-03-06T02:03:52.249357Z", "no_price": 86, "no_price_dollars": "0.8600", "price": 0.14, "taker_side": "no", "ticker": "KXINX-26MAR06H1600-B6862", "trade_id": "e53e93c0-7ac2-5ad2-37fa-d5e7ce8a6fe2", "yes_price": 14, "yes_price_dollars": "0.1400"}
{"count": 5, "count_fp": "5.00", "created_time": "2026-03-06T01:28:44.484234Z", "no_price": 85, "no_price_dollars": "0.8500", "price": 0.15, "taker_side": "no", "ticker": "KXINX-26MAR06H1600-B6862", "trade_id": "2af710a5-05c8-7e51-029d-287956b4b9ed", "yes_price": 15, "yes_price_dollars": "0.1500"}
{"count": 29, "count_fp": "29.00", "created_time": "2026-03-06T01:27:10.298786Z", "no_price": 83, "no_price_dollars": "0.8300", "price": 0.17, "taker_side": "yes", "ticker": "KXINX-26MAR06H1600-B6862", "trade_id": "e8885bda-53c7-6ae1-7d73-6cfd8fdae90a", "yes_price": 17, "yes_price_dollars": "0.1700"}
{"count": 78, "count_fp": "78.00", "created_time": "2026-03-06T00:36:43.218707Z", "no_price": 82, "no_price_dollars": "0.8200", "price": 0.18, "taker_side": "yes", "ticker": "KXINX-26MAR06H1600-B6862", "trade_id": "34cbd453-8d6d-62ee-8e0e-26c083168682", "yes_price": 18, "yes_price_dollars": "0.1800"}
{"count": 12, "count_fp": "12.00", "created_time": "2026-03-06T00:00:47.988587Z", "no_price": 83, "no_price_dollars": "0.8300", "price": 0.17, "taker_side": "yes", "ticker": "KXINX-26MAR06H1600-B6862", "trade_id": "a22a62eb-cbaf-62c9-64ea-133453dde384", "yes_price": 17, "yes_price_dollars": "0.1700"}
{"count": 10, "count_fp": "10.00", "created_time": "2026-03-06T20:59:12.227185Z", "no_price": 99, "no_price_dollars": "0.9900", "price": 0.01, "taker_side": "yes", "ticker": "KXINX-26MAR06H1600-B6837", "trade_id": "6199057b-9ddc-56f2-6ed3-5eac7d850658", "yes_price": 1, "yes_price_dollars": "0.0100"}
{"count": 47, "count_fp": "47.00", "created_time": "2026-03-06T19:08:32.874962Z", "no_price": 99, "no_price_dollars": "0.9900", "price": 0.01, "taker_side": "no", "ticker": "KXINX-26MAR06H1600-B6837", "trade_id": "563f9c6c-daf3-5d1b-a95c-24af203e5477", "yes_price": 1, "yes_price_dollars": "0.0100"}
{"count": 1, "count_fp": "1.00", "created_time": "2026-03-06T19:08:32.874962Z", "no_price": 99, "no_price_dollars": "0.9900", "price": 0.01, "taker_side": "no", "ticker": "KXINX-26MAR06H1600-B6837", "trade_id": "3a9a415e-dab6-5aa0-8193-aae7a29ef8fd", "yes_price": 1, "yes_price_dollars": "0.0100"}
{"count": 1, "count_fp": "1.00", "created_time": "2026-03-06T19:08:32.874962Z", "no_price": 99, "no_price_dollars": "0.9900", "price": 0.01, "taker_side": "no", "ticker": "KXINX-26MAR06H1600-B6837", "trade_id": "2d4e604c-f805-534b-9685-6b28adaad9af", "yes_price": 1, "yes_price_dollars": "0.0100"}
{"count": 1, "count_fp": "1.00", "created_time": "2026-03-06T19:08:32.874962Z", "no_price": 99, "no_price_dollars": "0.9900", "price": 0.01, "taker_side": "no", "ticker": "KXINX-26MAR06H1600-B6837", "trade_id": "1ca173be-99b6-5442-85d7-fbfa3cd7aca8", "yes_price": 1, "yes_price_dollars": "0.0100"}
{"count": 19, "count_fp": "19.00", "created_time": "2026-03-06T18:31:58.68115Z", "no_price": 95, "no_price_dollars": "0.9500", "price": 0.05, "taker_side": "yes", "ticker": "KXINX-26MAR06H1600-B6837", "trade_id": "7a070836-8a1f-4605-5875-45b28b350c29", "yes_price": 5, "yes_price_dollars": "0.0500"}
{"count": 17, "count_fp": "17.00", "created_time": "2026-03-06T18:31:38.200551Z", "no_price": 95, "no_price_dollars": "0.9500", "price": 0.05, "taker_side": "yes", "ticker": "KXINX-26MAR06H1600-B6837", "trade_id": "a171a4c4-666a-531c-df0f-190d5405ab68", "yes_price": 5, "yes_price_dollars": "0.0500"}
{"count": 2, "count_fp": "2.00", "created_time": "2026-03-06T18:31:38.200551Z", "no_price": 95, "no_price_dollars": "0.9500", "price": 0.05, "taker_side": "yes", "ticker": "KXINX-26MAR06H1600-B6837", "trade_id": "23faaa32-3203-54d5-f1fc-19470302cdfd", "yes_price": 5, "yes_price_dollars": "0.0500"}
{"count": 5, "count_fp": "5.00", "created_time": "2026-03-06T17:44:14.114887Z", "no_price": 98, "no_price_dollars": "0.9800", "price": 0.02, "taker_side": "no", "ticker": "KXINX-26MAR06H1600-B6837", "trade_id": "458de812-8261-7c97-680a-734a2e01d358", "yes_price": 2, "yes_price_dollars": "0.0200"}
{"count": 55, "count_fp": "55.00", "created_time": "2026-03-06T17:34:31.106268Z", "no_price": 93, "no_price_dollars": "0.9300", "price": 0.07, "taker_side": "yes", "ticker": "KXINX-26MAR06H1600-B6837", "trade_id": "f0e36815-0b7c-53b8-1ee4-6ab7ba2fb511", "yes_price": 7, "yes_price_dollars": "0.0700"}
{"count": 5, "count_fp": "5.00", "created_time": "2026-03-06T17:16:10.02917Z", "no_price": 93, "no_price_dollars": "0.9300", "price": 0.07, "taker_side": "yes", "ticker": "KXINX-26MAR06H1600-B6837", "trade_id": "bbcbc456-a6be-4352-7e92-83e188eebc77", "yes_price": 7, "yes_price_dollars": "0.0700"}
{"count": 60, "count_fp": "60.00", "created_time": "2026-03-06T17:16:10.02917Z", "no_price": 93, "no_price_dollars": "0.9300", "price": 0.07, "taker_side": "yes", "ticker": "KXINX-26MAR06H1600-B6837", "trade_id": "aa0010ed-28f5-4443-6152-5d12e9627fa9", "yes_price": 7, "yes_price_dollars": "0.0700"}
{"count": 1, "count_fp": "1.00", "created_time": "2026-03-06T17:16:10.02917Z", "no_price": 85, "no_price_dollars": "0.8500", "price": 0.15, "taker_side": "yes", "ticker": "KXINX-26MAR06H1600-B6837", "trade_id": "9d19e28c-208e-4d3c-59d7-810f96c4194a", "yes_price": 15, "yes_price_dollars": "0.1500"}
{"count": 12, "count_fp": "12.00", "created_time": "2026-03-06T16:58:45.540955Z", "no_price": 96, "no_price_dollars": "0.9600", "price": 0.04, "taker_side": "no", "ticker": "KXINX-26MAR06H1600-B6837", "trade_id": "625e2350-0031-728f-8d1e-9890bef57920", "yes_price": 4, "yes_price_dollars": "0.0400"}
{"count": 5, "count_fp": "5.00", "created_time": "2026-03-06T16:54:24.34944Z", "no_price": 94, "no_price_dollars": "0.9400", "price": 0.06, "taker_side": "yes", "ticker": "KXINX-26MAR06H1600-B6837", "trade_id": "eaa7fbfc-cec8-6e32-1d0c-77ea033bbe29", "yes_price": 6, "yes_price_dollars": "0.0600"}
{"count": 5, "count_fp": "5.00", "created_time": "2026-03-06T16:54:24.34944Z", "no_price": 94, "no_price_dollars": "0.9400", "price": 0.06, "taker_side": "yes", "ticker": "KXINX-26MAR06H1600-B6837", "trade_id": "d732d471-e5c9-6f9a-361c-0a7e974a8be1", "yes_price": 6, "yes_price_dollars": "0.0600"}
{"count": 9, "count_fp": "9.00", "created_time": "2026-03-06T16:54:24.34944Z", "no_price": 94, "no_price_dollars": "0.9400", "price": 0.06, "taker_side": "yes", "ticker": "KXINX-26MAR06H1600-B6837", "trade_id": "d5705893-d86d-643b-076e-d8c0f19b5457", "yes_price": 6, "yes_price_dollars": "0.0600"}
{"count": 5, "count_fp": "5.00", "created_time": "2026-03-06T16:54:24.34944Z", "no_price": 94, "no_price_dollars": "0.9400", "price": 0.06, "taker_side": "yes", "ticker": "KXINX-26MAR06H1600-B6837", "trade_id": "c8c9c17e-17fb-6cb3-1eeb-f7d2e7acadd2", "yes_price": 6, "yes_price_dollars": "0.0600"}
{"count": 5, "count_fp": "5.00", "created_time": "2026-03-06T16:54:24.34944Z", "no_price": 94, "no_price_dollars": "0.9400", "price": 0.06, "taker_side": "yes", "ticker": "KXINX-26MAR06H1600-B6837", "trade_id": "b824bf89-80c6-6a7d-2bb0-0fdefabe2ea0", "yes_price": 6, "yes_price_dollars": "0.0600"}
{"count": 5, "count_fp": "5.00", "created_time": "2026-03-06T16:54:24.34944Z", "no_price": 94, "no_price_dollars": "0.9400", "price": 0.06, "taker_side": "yes", "ticker": "KXINX-26MAR06H1600-B6837", "trade_id": "a4d3c02b-dd31-68a2-063b-88c9a06e8ae1", "yes_price": 6, "yes_price_dollars": "0.0600"}
{"count": 5, "count_fp": "5.00", "created_time": "2026-03-06T16:54:24.34944Z", "no_price": 94, "no_price_dollars": "0.9400", "price": 0.06, "taker_side": "yes", "ticker": "KXINX-26MAR06H1600-B6837", "trade_id": "8692bd69-76ee-625f-181f-77f08440f62e", "yes_price": 6, "yes_price_dollars": "0.0600"}
{"count": 5, "count_fp": "5.00", "created_time": "2026-03-06T16:54:24.34944Z", "no_price": 94, "no_price_dollars": "0.9400", "price": 0.06, "taker_side": "yes", "ticker": "KXINX-26MAR06H1600-B6837", "trade_id": "22c784ea-74d4-6479-21de-24f2e6d12879", "yes_price": 6, "yes_price_dollars": "0.0600"}
{"count": 2, "count_fp": "2.00", "created_time": "2026-03-06T16:54:24.34944Z", "no_price": 94, "no_price_dollars": "0.9400", "price": 0.06, "taker_side": "yes", "ticker": "KXINX-26MAR06H1600-B6837", "trade_id": "1b634e13-a000-634a-19e3-10a11cda1198", "yes_price": 6, "yes_price_dollars": "0.0600"}
{"count": 20, "count_fp": "20.00", "created_time": "2026-03-06T16:51:04.406645Z", "no_price": 95, "no_price_dollars": "0.9500", "price": 0.05, "taker_side": "no", "ticker": "KXINX-26MAR06H1600-B6837", "trade_id": "c4522246-9451-702f-f0dc-d30615ccf8e4", "yes_price": 5, "yes_price_dollars": "0.0500"}
{"count": 3, "count_fp": "3.00", "created_time": "2026-03-06T16:36:39.429676Z", "no_price": 94, "no_price_dollars": "0.9400", "price": 0.06, "taker_side": "no", "ticker": "KXINX-26MAR06H1600-B6837", "trade_id": "c88de641-e45b-6050-7791-62ced1947987", "yes_price": 6, "yes_price_dollars": "0.0600"}
{"count": 5, "count_fp": "5.00", "created_time": "2026-03-06T16:36:38.82121Z", "no_price": 94, "no_price_dollars": "0.9400", "price": 0.06, "taker_side": "no", "ticker": "KXINX-26MAR06H1600-B6837", "trade_id": "509f2c84-3213-48b0-78ed-4007471a35d7", "yes_price": 6, "yes_price_dollars": "0.0600"}
{"count": 5, "count_fp": "5.00", "created_time": "2026-03-06T16:36:38.478659Z", "no_price": 94, "no_price_dollars": "0.9400", "price": 0.06, "taker_side": "no", "ticker": "KXINX-26MAR06H1600-B6837", "trade_id": "74318482-d377-7bd0-f83b-62c6a1967717", "yes_price": 6, "yes_price_dollars": "0.0600"}
{"count": 5, "count_fp": "5.00", "created_time": "2026-03-06T16:36:38.229213Z", "no_price": 94, "no_price_dollars": "0.9400", "price": 0.06, "taker_side": "no", "ticker": "KXINX-26MAR06H1600-B6837", "trade_id": "3be8c4aa-02a7-4570-4f3e-23a33770b6a3", "yes_price": 6, "yes_price_dollars": "0.0600"}
{"count": 68, "count_fp": "68.00", "created_time": "2026-03-06T16:11:49.037471Z", "no_price": 92, "no_price_dollars": "0.9200", "price": 0.08, "taker_side": "no", "ticker": "KXINX-26MAR06H1600-B6837", "trade_id": "4af81b1a-f2f8-4dfe-9e61-f8b7c0210a38", "yes_price": 8, "yes_price_dollars": "0.0800"}
{"count": 40, "count_fp": "40.00", "created_time": "2026-03-06T16:11:49.037471Z", "no_price": 94, "no_price_dollars": "0.9400", "price": 0.06, "taker_side": "no", "ticker": "KXINX-26MAR06H1600-B6837", "trade_id": "44e9a552-0861-4dd3-9287-5ee0de165909", "yes_price": 6, "yes_price_dollars": "0.0600"}
{"count": 15, "count_fp": "15.00", "created_time": "2026-03-06T16:11:49.037471Z", "no_price": 98, "no_price_dollars": "0.9800", "price": 0.02, "taker_side": "no", "ticker": "KXINX-26MAR06H1600-B6837", "trade_id": "350fc5eb-94c6-441b-8284-0ad323bd5f02", "yes_price": 2, "yes_price_dollars": "0.0200"}
{"count": 20, "count_fp": "20.00", "created_time": "2026-03-06T15:53:45.901599Z", "no_price": 92, "no_price_dollars": "0.9200", "price": 0.08, "taker_side": "no", "ticker": "KXINX-26MAR06H1600-B6837", "trade_id": "36759e1a-cd48-53ea-ca74-38f6571001b8", "yes_price": 8, "yes_price_dollars": "0.0800"}
{"count": 29, "count_fp": "29.00", "created_time": "2026-03-06T15:23:23.308798Z", "no_price": 90, "no_price_dollars": "0.9000", "price": 0.1, "taker_side": "yes", "ticker": "KXINX-26MAR06H1600-B6837", "trade_id": "5e6f28d3-d704-7e24-5f98-d07f2a935081", "yes_price": 10, "yes_price_dollars": "0.1000"}
{"count": 13, "count_fp": "13.00", "created_time": "2026-03-06T15:22:57.307765Z", "no_price": 91, "no_price_dollars": "0.9100", "price": 0.09, "taker_side": "no", "ticker": "KXINX-26MAR06H1600-B6837", "trade_id": "463ddc8a-97c6-5bad-5f15-233f3c8b0bae", "yes_price": 9, "yes_price_dollars": "0.0900"}
{"count": 7, "count_fp": "7.00", "created_time": "2026-03-06T15:22:56.052573Z", "no_price": 91, "no_price_dollars": "0.9100", "price": 0.09, "taker_side": "no", "ticker": "KXINX-26MAR06H1600-B6837", "trade_id": "adee1823-384e-671d-b6e3-2f7b3ed16f56", "yes_price": 9, "yes_price_dollars": "0.0900"}
{"count": 5, "count_fp": "5.00", "created_time": "2026-03-06T15:22:53.760188Z", "no_price": 91, "no_price_dollars": "0.9100", "price": 0.09, "taker_side": "no", "ticker": "KXINX-26MAR06H1600-B6837", "trade_id": "724f142b-7c7f-7cd2-1258-72c2b25a9326", "yes_price": 9, "yes_price_dollars": "0.0900"}
{"count": 2, "count_fp": "2.00", "created_time": "2026-03-06T15:13:11.337814Z", "no_price": 91, "no_price_dollars": "0.9100", "price": 0.09, "taker_side": "yes", "ticker": "KXINX-26MAR06H1600-B6837", "trade_id": "6a765566-5779-60f8-e7dc-13839241dedc", "yes_price": 9, "yes_price_dollars": "0.0900"}
{"count": 20, "count_fp": "20.00", "created_time": "2026-03-06T15:11:52.320718Z", "no_price": 91, "no_price_dollars": "0.9100", "price": 0.09, "taker_side": "yes", "ticker": "KXINX-26MAR06H1600-B6837", "trade_id": "d53c55b3-737e-4da4-7027-228dc9bcce7e", "yes_price": 9, "yes_price_dollars": "0.0900"}
{"count": 3, "count_fp": "3.00", "created_time": "2026-03-06T15:11:52.320718Z", "no_price": 91, "no_price_dollars": "0.9100", "price": 0.09, "taker_side": "yes", "ticker": "KXINX-26MAR06H1600-B6837", "trade_id": "024ef380-33ae-40f8-7f8f-800aa616f472", "yes_price": 9, "yes_price_dollars": "0.0900"}
{"count": 10, "count_fp": "10.00", "created_time": "2026-03-06T15:06:24.546523Z", "no_price": 91, "no_price_dollars": "0.9100", "price": 0.09, "taker_side": "yes", "ticker": "KXINX-26MAR06H1600-B6837", "trade_id": "7c6f281c-15e4-5f86-fc22-aa19adcf1de5", "yes_price": 9, "yes_price_dollars": "0.0900"}
{"count": 10, "count_fp": "10.00", "created_time": "2026-03-06T15:06:00.958512Z", "no_price": 92, "no_price_dollars": "0.9200", "price": 0.08, "taker_side": "no", "ticker": "KXINX-26MAR06H1600-B6837", "trade_id": "4818acc6-b350-6746-5cb8-f44fc3aaaa04", "yes_price": 8, "yes_price_dollars": "0.0800"}
{"count": 2, "count_fp": "2.00", "created_time": "2026-03-06T14:55:35.654321Z", "no_price": 92, "no_price_dollars": "0.9200", "price": 0.08, "taker_side": "no", "ticker": "KXINX-26MAR06H1600-B6837", "trade_id": "f503be89-4984-60d2-662f-3b18b97e82dc", "yes_price": 8, "yes_price_dollars": "0.0800"}
{"count": 20, "count_fp": "20.00", "created_time": "2026-03-06T14:35:16.814162Z", "no_price": 94, "no_price_dollars": "0.9400", "price": 0.06, "taker_side": "no", "ticker": "KXINX-26MAR06H1600-B6837", "trade_id": "61902fef-bef9-69e3-4872-efafa8f803b5", "yes_price": 6, "yes_price_dollars": "0.0600"}
{"count": 110, "count_fp": "110.00", "created_time": "2026-03-06T14:35:05.482257Z", "no_price": 92, "no_price_dollars": "0.9200", "price": 0.08, "taker_side": "yes", "ticker": "KXINX-26MAR06H1600-B6837", "trade_id": "55f7f5e0-80c5-5c5f-e5ca-7d2da9577e0f", "yes_price": 8, "yes_price_dollars": "0.0800"}
{"count": 15, "count_fp": "15.00", "created_time": "2026-03-06T14:34:44.326185Z", "no_price": 92, "no_price_dollars": "0.9200", "price": 0.08, "taker_side": "no", "ticker": "KXINX-26MAR06H1600-B6837", "trade_id": "dad1560e-f237-7ed6-132b-179f4b6150e9", "yes_price": 8, "yes_price_dollars": "0.0800"}
{"count": 15, "count_fp": "15.00", "created_time": "2026-03-06T14:34:44.326185Z", "no_price": 92, "no_price_dollars": "0.9200", "price": 0.08, "taker_side": "no", "ticker": "KXINX-26MAR06H1600-B6837", "trade_id": "cfd2030d-a388-7efe-2886-b6ccc69b42d7", "yes_price": 8, "yes_price_dollars": "0.0800"}
{"count": 15, "count_fp": "15.00", "created_time": "2026-03-06T14:34:44.326185Z", "no_price": 92, "no_price_dollars": "0.9200", "price": 0.08, "taker_side": "no", "ticker": "KXINX-26MAR06H1600-B6837", "trade_id": "c676b716-88df-7b7a-0b97-76c02af7c746", "yes_price": 8, "yes_price_dollars": "0.0800"}
{"count": 15, "count_fp": "15.00", "created_time": "2026-03-06T14:34:44.326185Z", "no_price": 92, "no_price_dollars": "0.9200", "price": 0.08, "taker_side": "no", "ticker": "KXINX-26MAR06H1600-B6837", "trade_id": "a70de64b-a041-7794-07a0-e94497864ba7", "yes_price": 8, "yes_price_dollars": "0.0800"}
{"count": 15, "count_fp": "15.00", "created_time": "2026-03-06T14:34:44.326185Z", "no_price": 92, "no_price_dollars": "0.9200", "price": 0.08, "taker_side": "no", "ticker": "KXINX-26MAR06H1600-B6837", "trade_id": "517700c7-78c5-7e85-3cdb-7db52c03a769", "yes_price": 8, "yes_price_dollars": "0.0800"}
{"count": 15, "count_fp": "15.00", "created_time": "2026-03-06T14:34:44.326185Z", "no_price": 92, "no_price_dollars": "0.9200", "price": 0.08, "taker_side": "no", "ticker": "KXINX-26MAR06H1600-B6837", "trade_id": "0111aa61-411c-75a4-269d-22df53ff5ec6", "yes_price": 8, "yes_price_dollars": "0.0800"}
{"count": 6, "count_fp": "6.00", "created_time": "2026-03-06T14:17:22.654921Z", "no_price": 90, "no_price_dollars": "0.9000", "price": 0.1, "taker_side": "yes", "ticker": "KXINX-26MAR06H1600-B6837", "trade_id": "9682773f-4fd8-6a47-3c4a-f5b5de6b8df2", "yes_price": 10, "yes_price_dollars": "0.1000"}
{"count": 42, "count_fp": "42.00", "created_time": "2026-03-06T14:17:22.654921Z", "no_price": 90, "no_price_dollars": "0.9000", "price": 0.1, "taker_side": "yes", "ticker": "KXINX-26MAR06H1600-B6837", "trade_id": "2e8dbf6d-18f9-6ffc-0c88-347a34a9dc43", "yes_price": 10, "yes_price_dollars": "0.1000"}
{"count": 2, "count_fp": "2.00", "created_time": "2026-03-06T14:06:25.937672Z", "no_price": 81, "no_price_dollars": "0.8100", "price": 0.19, "taker_side": "yes", "ticker": "KXINX-26MAR06H1600-B6837", "trade_id": "ace9be94-c50a-56b8-7914-bb159e35ad05", "yes_price": 19, "yes_price_dollars": "0.1900"}
{"count": 10, "count_fp": "10.00", "created_time": "2026-03-06T14:06:25.937672Z", "no_price": 82, "no_price_dollars": "0.8200", "price": 0.18, "taker_side": "yes", "ticker": "KXINX-26MAR06H1600-B6837", "trade_id": "8d6456d8-aef3-50db-5a0a-dc2a952ed5b9", "yes_price": 18, "yes_price_dollars": "0.1800"}
{"count": 2, "count_fp": "2.00", "created_time": "2026-03-06T13:59:47.91376Z", "no_price": 82, "no_price_dollars": "0.8200", "price": 0.18, "taker_side": "yes", "ticker": "KXINX-26MAR06H1600-B6837", "trade_id": "470d5128-4f07-760f-cdcd-3440f6274105", "yes_price": 18, "yes_price_dollars": "0.1800"}
{"count": 10, "count_fp": "10.00", "created_time": "2026-03-06T13:57:34.16481Z", "no_price": 86, "no_price_dollars": "0.8600", "price": 0.14, "taker_side": "no", "ticker": "KXINX-26MAR06H1600-B6837", "trade_id": "fa169b46-10a6-7010-fbb8-1f83b934431c", "yes_price": 14, "yes_price_dollars": "0.1400"}
{"count": 10, "count_fp": "10.00", "created_time": "2026-03-06T13:57:34.16481Z", "no_price": 86, "no_price_dollars": "0.8600", "price": 0.14, "taker_side": "no", "ticker": "KXINX-26MAR06H1600-B6837", "trade_id": "cee327b0-dcbd-75ce-d378-2014940dbde4", "yes_price": 14, "yes_price_dollars": "0.1400"}
{"count": 12, "count_fp": "12.00", "created_time": "2026-03-06T13:57:34.16481Z", "no_price": 86, "no_price_dollars": "0.8600", "price": 0.14, "taker_side": "no", "ticker": "KXINX-26MAR06H1600-B6837", "trade_id": "a25df9f4-2ae5-7441-c339-1981eb8ae477", "yes_price": 14, "yes_price_dollars": "0.1400"}
{"count": 5, "count_fp": "5.00", "created_time": "2026-03-06T13:57:34.16481Z", "no_price": 86, "no_price_dollars": "0.8600", "price": 0.14, "taker_side": "no", "ticker": "KXINX-26MAR06H1600-B6837", "trade_id": "9a204778-6cc8-799b-feb2-a5c48d75d08e", "yes_price": 14, "yes_price_dollars": "0.1400"}
{"count": 12, "count_fp": "12.00", "created_time": "2026-03-06T13:57:34.16481Z", "no_price": 86, "no_price_dollars": "0.8600", "price": 0.14, "taker_side": "no", "ticker": "KXINX-26MAR06H1600-B6837", "trade_id": "97949407-468a-7eec-ed19-290afbda91b3", "yes_price": 14, "yes_price_dollars": "0.1400"}
{"count": 10, "count_fp": "10.00", "created_time": "2026-03-06T13:57:34.16481Z", "no_price": 86, "no_price_dollars": "0.8600", "price": 0.14, "taker_side": "no", "ticker": "KXINX-26MAR06H1600-B6837", "trade_id": "95cf8996-e0d9-7b1c-dadb-3caab306d6cb", "yes_price": 14, "yes_price_dollars": "0.1400"}
{"count": 11, "count_fp": "11.00", "created_time": "2026-03-06T13:57:34.16481Z", "no_price": 86, "no_price_dollars": "0.8600", "price": 0.14, "taker_side": "no", "ticker": "KXINX-26MAR06H1600-B6837", "trade_id": "943f96e3-4876-7b2c-f911-db1621a8a404", "yes_price": 14, "yes_price_dollars": "0.1400"}
{"count": 12, "count_fp": "12.00", "created_time": "2026-03-06T13:57:34.16481Z", "no_price": 86, "no_price_dollars": "0.8600", "price": 0.14, "taker_side": "no", "ticker": "KXINX-26MAR06H1600-B6837", "trade_id": "7465b34e-3917-70fe-e5f9-6690aef0e068", "yes_price": 14, "yes_price_dollars": "0.1400"}
{"count": 11, "count_fp": "11.00", "created_time": "2026-03-06T13:57:34.16481Z", "no_price": 86, "no_price_dollars": "0.8600", "price": 0.14, "taker_side": "no", "ticker": "KXINX-26MAR06H1600-B6837", "trade_id": "73fcff90-d8cc-711b-dd9e-6a05a36e66fd", "yes_price": 14, "yes_price_dollars": "0.1400"}
{"count": 10, "count_fp": "10.00", "created_time": "2026-03-06T13:57:34.16481Z", "no_price": 86, "no_price_dollars": "0.8600", "price": 0.14, "taker_side": "no", "ticker": "KXINX-26MAR06H1600-B6837", "trade_id": "564a8cc5-6f60-749b-c484-c84aad792aad", "yes_price": 14, "yes_price_dollars": "0.1400"}
{"count": 11, "count_fp": "11.00", "created_time": "2026-03-06T13:57:34.16481Z", "no_price": 86, "no_price_dollars": "0.8600", "price": 0.14, "taker_side": "no", "ticker": "KXINX-26MAR06H1600-B6837", "trade_id": "42e78417-62f8-729a-ef1a-b558c2dc6523", "yes_price": 14, "yes_price_dollars": "0.1400"}
{"count": 12, "count_fp": "12.00", "created_time": "2026-03-06T13:57:34.16481Z", "no_price": 86, "no_price_dollars": "0.8600", "price": 0.14, "taker_side": "no", "ticker": "KXINX-26MAR06H1600-B6837", "trade_id": "3e8c5f9f-8604-7355-d6eb-057b9c01639a", "yes_price": 14, "yes_price_dollars": "0.1400"}
{"count": 11, "count_fp": "11.00", "created_time": "2026-03-06T13:57:34.16481Z", "no_price": 86, "no_price_dollars": "0.8600", "price": 0.14, "taker_side": "no", "ticker": "KXINX-26MAR06H1600-B6837", "trade_id": "3e52236a-7fb6-7ad0-eee6-1ab2261c4c22", "yes_price": 14, "yes_price_dollars": "0.1400"}
{"count": 11, "count_fp": "11.00", "created_time": "2026-03-06T13:57:34.16481Z", "no_price": 86, "no_price_dollars": "0.8600", "price": 0.14, "taker_side": "no", "ticker": "KXINX-26MAR06H1600-B6837", "trade_id": "34f53c53-765d-713f-d289-00d140b7414c", "yes_price": 14, "yes_price_dollars": "0.1400"}
{"count": 10, "count_fp": "10.00", "created_time": "2026-03-06T13:57:34.16481Z", "no_price": 86, "no_price_dollars": "0.8600", "price": 0.14, "taker_side": "no", "ticker": "KXINX-26MAR06H1600-B6837", "trade_id": "31485dce-a1de-7c2c-cc4a-cda9d1e76461", "yes_price": 14, "yes_price_dollars": "0.1400"}
{"count": 11, "count_fp": "11.00", "created_time": "2026-03-06T13:57:34.16481Z", "no_price": 86, "no_price_dollars": "0.8600", "price": 0.14, "taker_side": "no", "ticker": "KXINX-26MAR06H1600-B6837", "trade_id": "2a1c94c4-e5be-7cb9-e51b-a9a5cdbdd842", "yes_price": 14, "yes_price_dollars": "0.1400"}
{"count": 11, "count_fp": "11.00", "created_time": "2026-03-06T13:57:34.16481Z", "no_price": 86, "no_price_dollars": "0.8600", "price": 0.14, "taker_side": "no", "ticker": "KXINX-26MAR06H1600-B6837", "trade_id": "1ec096b9-5476-7fb8-f06c-89dbde790fe1", "yes_price": 14, "yes_price_dollars": "0.1400"}
{"count": 11, "count_fp": "11.00", "created_time": "2026-03-06T13:57:34.16481Z", "no_price": 86, "no_price_dollars": "0.8600", "price": 0.14, "taker_side": "no", "ticker": "KXINX-26MAR06H1600-B6837", "trade_id": "11538b03-db24-78d4-f424-20e87b5faebc", "yes_price": 14, "yes_price_dollars": "0.1400"}
{"count": 10, "count_fp": "10.00", "created_time": "2026-03-06T13:57:34.16481Z", "no_price": 86, "no_price_dollars": "0.8600", "price": 0.14, "taker_side": "no", "ticker": "KXINX-26MAR06H1600-B6837", "trade_id": "01bdf596-0187-7653-d5d9-3a4ae339f64d", "yes_price": 14, "yes_price_dollars": "0.1400"}
{"count": 43, "count_fp": "43.00", "created_time": "2026-03-06T13:50:01.02615Z", "no_price": 84, "no_price_dollars": "0.8400", "price": 0.16, "taker_side": "yes", "ticker": "KXINX-26MAR06H1600-B6837", "trade_id": "f9783f9d-58e3-5094-d86b-5005e77bd3e2", "yes_price": 16, "yes_price_dollars": "0.1600"}
{"count": 17, "count_fp": "17.00", "created_time": "2026-03-06T13:45:42.593973Z", "no_price": 84, "no_price_dollars": "0.8400", "price": 0.16, "taker_side": "yes", "ticker": "KXINX-26MAR06H1600-B6837", "trade_id": "c27d1e32-7c1b-45d0-dce1-efcfcd02175a", "yes_price": 16, "yes_price_dollars": "0.1600"}
{"count": 2, "count_fp": "2.00", "created_time": "2026-03-06T13:45:01.127866Z", "no_price": 81, "no_price_dollars": "0.8100", "price": 0.19, "taker_side": "yes", "ticker": "KXINX-26MAR06H1600-B6837", "trade_id": "c28820d6-ff72-5ddc-49b1-a58d8a5eab15", "yes_price": 19, "yes_price_dollars": "0.1900"}
{"count": 2, "count_fp": "2.00", "created_time": "2026-03-06T13:45:01.127866Z", "no_price": 82, "no_price_dollars": "0.8200", "price": 0.18, "taker_side": "yes", "ticker": "KXINX-26MAR06H1600-B6837", "trade_id": "32e57446-4d82-5849-54d1-c18f7d9fe2d6", "yes_price": 18, "yes_price_dollars": "0.1800"}
{"count": 6, "count_fp": "6.00", "created_time": "2026-03-06T13:45:01.127866Z", "no_price": 83, "no_price_dollars": "0.8300", "price": 0.17, "taker_side": "yes", "ticker": "KXINX-26MAR06H1600-B6837", "trade_id": "25fbd4da-7a39-58ee-56e9-751d7421e978", "yes_price": 17, "yes_price_dollars": "0.1700"}
{"count": 12, "count_fp": "12.00", "created_time": "2026-03-06T13:43:47.556106Z", "no_price": 85, "no_price_dollars": "0.8500", "price": 0.15, "taker_side": "no", "ticker": "KXINX-26MAR06H1600-B6837", "trade_id": "8a2d8235-1b03-5f16-6bdb-2775f3ab3121", "yes_price": 15, "yes_price_dollars": "0.1500"}
{"count": 10, "count_fp": "10.00", "created_time": "2026-03-06T13:43:39.986104Z", "no_price": 85, "no_price_dollars": "0.8500", "price": 0.15, "taker_side": "no", "ticker": "KXINX-26MAR06H1600-B6837", "trade_id": "373fe916-a735-5aec-bc0a-d7179c223ded", "yes_price": 15, "yes_price_dollars": "0.1500"}
{"count": 3, "count_fp": "3.00", "created_time": "2026-03-06T13:43:38.757916Z", "no_price": 85, "no_price_dollars": "0.8500", "price": 0.15, "taker_side": "no", "ticker": "KXINX-26MAR06H1600-B6837", "trade_id": "fffc2525-a345-4ffc-a45b-c4d3bf689ea5", "yes_price": 15, "yes_price_dollars": "0.1500"}
{"count": 5, "count_fp": "5.00", "created_time": "2026-03-06T13:40:04.529068Z", "no_price": 86, "no_price_dollars": "0.8600", "price": 0.14, "taker_side": "no", "ticker": "KXINX-26MAR06H1600-B6837", "trade_id": "c5486af9-e128-40bf-6d85-49ee7f41105e", "yes_price": 14, "yes_price_dollars": "0.1400"}
{"count": 5, "count_fp": "5.00", "created_time": "2026-03-06T13:40:04.529068Z", "no_price": 86, "no_price_dollars": "0.8600", "price": 0.14, "taker_side": "no", "ticker": "KXINX-26MAR06H1600-B6837", "trade_id": "be72eeb1-beec-4678-7bcb-d878c5ed9af6", "yes_price": 14, "yes_price_dollars": "0.1400"}
{"count": 9, "count_fp": "9.00", "created_time": "2026-03-06T13:37:52.754518Z", "no_price": 86, "no_price_dollars": "0.8600", "price": 0.14, "taker_side": "no", "ticker": "KXINX-26MAR06H1600-B6837", "trade_id": "ffa6bc0c-d88a-6d3b-bb4d-7c11d9546c53", "yes_price": 14, "yes_price_dollars": "0.1400"}
{"count": 5, "count_fp": "5.00", "created_time": "2026-03-06T13:37:52.754518Z", "no_price": 86, "no_price_dollars": "0.8600", "price": 0.14, "taker_side": "no", "ticker": "KXINX-26MAR06H1600-B6837", "trade_id": "44cf6ee0-e034-60fc-bb14-832aca99e0de", "yes_price": 14, "yes_price_dollars": "0.1400"}
{"count": 9, "count_fp": "9.00", "created_time": "2026-03-06T13:37:52.754518Z", "no_price": 86, "no_price_dollars": "0.8600", "price": 0.14, "taker_side": "no", "ticker": "KXINX-26MAR06H1600-B6837", "trade_id": "1c505983-0890-6cfd-87f3-1dcfb0019e10", "yes_price": 14, "yes_price_dollars": "0.1400"}
{"count": 1, "count_fp": "1.00", "created_time": "2026-03-06T13:37:52.754518Z", "no_price": 86, "no_price_dollars": "0.8600", "price": 0.14, "taker_side": "no", "ticker": "KXINX-26MAR06H1600-B6837", "trade_id": "01463af2-ac38-6ca5-9925-aebb86dea905", "yes_price": 14, "yes_price_dollars": "0.1400"}
{"count": 3, "count_fp": "3.00", "created_time": "2026-03-06T13:35:51.810632Z", "no_price": 86, "no_price_dollars": "0.8600", "price": 0.14, "taker_side": "no", "ticker": "KXINX-26MAR06H1600-B6837", "trade_id": "3af1694f-c91c-7d39-dce1-b66af0384899", "yes_price": 14, "yes_price_dollars": "0.1400"}
{"count": 4, "count_fp": "4.00", "created_time": "2026-03-06T13:35:50.589384Z", "no_price": 86, "no_price_dollars": "0.8600", "price": 0.14, "taker_side": "no", "ticker": "KXINX-26MAR06H1600-B6837", "trade_id": "4fd2a102-f7d8-49d9-75c2-2bf511494a69", "yes_price": 14, "yes_price_dollars": "0.1400"}
{"count": 1, "count_fp": "1.00", "created_time": "2026-03-06T13:35:49.363495Z", "no_price": 86, "no_price_dollars": "0.8600", "price": 0.14, "taker_side": "no", "ticker": "KXINX-26MAR06H1600-B6837", "trade_id": "d3eac758-50fc-6f19-8503-05e51d6f0f59", "yes_price": 14, "yes_price_dollars": "0.1400"}
{"count": 3, "count_fp": "3.00", "created_time": "2026-03-06T13:35:49.363495Z", "no_price": 86, "no_price_dollars": "0.8600", "price": 0.14, "taker_side": "no", "ticker": "KXINX-26MAR06H1600-B6837", "trade_id": "483341cc-8443-6938-9ef1-8a350d5adbcd", "yes_price": 14, "yes_price_dollars": "0.1400"}
{"count": 4, "count_fp": "4.00", "created_time": "2026-03-06T13:35:48.145708Z", "no_price": 86, "no_price_dollars": "0.8600", "price": 0.14, "taker_side": "no", "ticker": "KXINX-26MAR06H1600-B6837", "trade_id": "d1892bd8-d89f-5bec-5bc8-267a34397f3d", "yes_price": 14, "yes_price_dollars": "0.1400"}
{"count": 4, "count_fp": "4.00", "created_time": "2026-03-06T13:35:02.98602Z", "no_price": 85, "no_price_dollars": "0.8500", "price": 0.15, "taker_side": "no", "ticker": "KXINX-26MAR06H1600-B6837", "trade_id": "daf1ba0a-bed7-7bfb-c6c3-fac7700bc7cc", "yes_price": 15, "yes_price_dollars": "0.1500"}
{"count": 4, "count_fp": "4.00", "created_time": "2026-03-06T13:35:01.764094Z", "no_price": 85, "no_price_dollars": "0.8500", "price": 0.15, "taker_side": "no", "ticker": "KXINX-26MAR06H1600-B6837", "trade_id": "c5335c4d-2867-4c47-c861-8388235cf56c", "yes_price": 15, "yes_price_dollars": "0.1500"}
{"count": 4, "count_fp": "4.00", "created_time": "2026-03-06T13:35:00.542923Z", "no_price": 85, "no_price_dollars": "0.8500", "price": 0.15, "taker_side": "no", "ticker": "KXINX-26MAR06H1600-B6837", "trade_id": "a8774e96-3663-6877-fe0e-8694257fd58c", "yes_price": 15, "yes_price_dollars": "0.1500"}
{"count": 2, "count_fp": "2.00", "created_time": "2026-03-06T13:34:47.636656Z", "no_price": 86, "no_price_dollars": "0.8600", "price": 0.14, "taker_side": "no", "ticker": "KXINX-26MAR06H1600-B6837", "trade_id": "e4f70f4d-5907-6686-c3b1-61b6287bf694", "yes_price": 14, "yes_price_dollars": "0.1400"}
{"count": 2, "count_fp": "2.00", "created_time": "2026-03-06T13:34:47.636656Z", "no_price": 86, "no_price_dollars": "0.8600", "price": 0.14, "taker_side": "no", "ticker": "KXINX-26MAR06H1600-B6837", "trade_id": "2ba46adf-e65f-6ce4-c582-cf1c18cb43a1", "yes_price": 14, "yes_price_dollars": "0.1400"}
{"count": 4, "count_fp": "4.00", "created_time": "2026-03-06T13:34:46.413431Z", "no_price": 86, "no_price_dollars": "0.8600", "price": 0.14, "taker_side": "no", "ticker": "KXINX-26MAR06H1600-B6837", "trade_id": "9f9e8d4c-6f27-569a-878b-dd530b8e9810", "yes_price": 14, "yes_price_dollars": "0.1400"}
{"count": 1, "count_fp": "1.00", "created_time": "2026-03-06T13:34:45.141712Z", "no_price": 86, "no_price_dollars": "0.8600", "price": 0.14, "taker_side": "no", "ticker": "KXINX-26MAR06H1600-B6837", "trade_id": "832dcca0-7644-7e6e-f7dd-92699aab6a38", "yes_price": 14, "yes_price_dollars": "0.1400"}
{"count": 3, "count_fp": "3.00", "created_time": "2026-03-06T13:34:45.141712Z", "no_price": 86, "no_price_dollars": "0.8600", "price": 0.14, "taker_side": "no", "ticker": "KXINX-26MAR06H1600-B6837", "trade_id": "5cdd3351-697b-7ec2-edaf-9272826c54f0", "yes_price": 14, "yes_price_dollars": "0.1400"}
{"count": 5, "count_fp": "5.00", "created_time": "2026-03-06T13:34:43.912019Z", "no_price": 86, "no_price_dollars": "0.8600", "price": 0.14, "taker_side": "no", "ticker": "KXINX-26MAR06H1600-B6837", "trade_id": "dea4a063-ad18-550e-20b1-adb1a3a61a9c", "yes_price": 14, "yes_price_dollars": "0.1400"}
{"count": 2, "count_fp": "2.00", "created_time": "2026-03-06T13:34:41.918582Z", "no_price": 86, "no_price_dollars": "0.8600", "price": 0.14, "taker_side": "no", "ticker": "KXINX-26MAR06H1600-B6837", "trade_id": "2044f9e1-3810-448a-798a-a87b0a629918", "yes_price": 14, "yes_price_dollars": "0.1400"}
{"count": 2, "count_fp": "2.00", "created_time": "2026-03-06T13:30:09.039523Z", "no_price": 83, "no_price_dollars": "0.8300", "price": 0.17, "taker_side": "no", "ticker": "KXINX-26MAR06H1600-B6837", "trade_id": "5b53b9c9-c64e-4e13-0130-039c3ac83d83", "yes_price": 17, "yes_price_dollars": "0.1700"}
{"count": 54, "count_fp": "54.00", "created_time": "2026-03-06T13:17:20.47409Z", "no_price": 82, "no_price_dollars": "0.8200", "price": 0.18, "taker_side": "yes", "ticker": "KXINX-26MAR06H1600-B6837", "trade_id": "313998a9-d5d5-700e-1dac-2ef8fe8193d4", "yes_price": 18, "yes_price_dollars": "0.1800"}
{"count": 60, "count_fp": "60.00", "created_time": "2026-03-06T13:17:11.81431Z", "no_price": 85, "no_price_dollars": "0.8500", "price": 0.15, "taker_side": "no", "ticker": "KXINX-26MAR06H1600-B6837", "trade_id": "a05e2a7c-f3e0-78c5-2f5e-dc6a5c522a86", "yes_price": 15, "yes_price_dollars": "0.1500"}
{"count": 8, "count_fp": "8.00", "created_time": "2026-03-06T13:04:20.266324Z", "no_price": 86, "no_price_dollars": "0.8600", "price": 0.14, "taker_side": "no", "ticker": "KXINX-26MAR06H1600-B6837", "trade_id": "dbbee351-2f59-7c87-040b-8b7a3adb51f5", "yes_price": 14, "yes_price_dollars": "0.1400"}
{"count": 8, "count_fp": "8.00", "created_time": "2026-03-06T13:04:20.266324Z", "no_price": 86, "no_price_dollars": "0.8600", "price": 0.14, "taker_side": "no", "ticker": "KXINX-26MAR06H1600-B6837", "trade_id": "ba2ddd54-c298-7c3f-1215-ebcd642a3840", "yes_price": 14, "yes_price_dollars": "0.1400"}
{"count": 8, "count_fp": "8.00", "created_time": "2026-03-06T13:04:20.266324Z", "no_price": 86, "no_price_dollars": "0.8600", "price": 0.14, "taker_side": "no", "ticker": "KXINX-26MAR06H1600-B6837", "trade_id": "6195568a-e4e7-7a99-3a87-e01ef9c74e98", "yes_price": 14, "yes_price_dollars": "0.1400"}
{"count": 8, "count_fp": "8.00", "created_time": "2026-03-06T13:04:20.266324Z", "no_price": 86, "no_price_dollars": "0.8600", "price": 0.14, "taker_side": "no", "ticker": "KXINX-26MAR06H1600-B6837", "trade_id": "43db79a1-cdc3-7cc7-1162-86fbce91ddf6", "yes_price": 14, "yes_price_dollars": "0.1400"}
{"count": 8, "count_fp": "8.00", "created_time": "2026-03-06T13:04:20.266324Z", "no_price": 86, "no_price_dollars": "0.8600", "price": 0.14, "taker_side": "no", "ticker": "KXINX-26MAR06H1600-B6837", "trade_id": "3e206737-3477-71b6-2b54-d8e3fe983dc6", "yes_price": 14, "yes_price_dollars": "0.1400"}
{"count": 8, "count_fp": "8.00", "created_time": "2026-03-06T13:04:20.266324Z", "no_price": 86, "no_price_dollars": "0.8600", "price": 0.14, "taker_side": "no", "ticker": "KXINX-26MAR06H1600-B6837", "trade_id": "160e2e41-43cc-7a64-258e-1ca385a798b1", "yes_price": 14, "yes_price_dollars": "0.1400"}
{"count": 2, "count_fp": "2.00", "created_time": "2026-03-06T09:55:40.806216Z", "no_price": 87, "no_price_dollars": "0.8700", "price": 0.13, "taker_side": "no", "ticker": "KXINX-26MAR06H1600-B6837", "trade_id": "e51f4923-79c6-5561-5c44-f1f54c90f139", "yes_price": 13, "yes_price_dollars": "0.1300"}
{"count": 10, "count_fp": "10.00", "created_time": "2026-03-06T09:55:40.806216Z", "no_price": 86, "no_price_dollars": "0.8600", "price": 0.14, "taker_side": "no", "ticker": "KXINX-26MAR06H1600-B6837", "trade_id": "9e25c762-1268-5787-7dde-b81f425814ba", "yes_price": 14, "yes_price_dollars": "0.1400"}
{"count": 19, "count_fp": "19.00", "created_time": "2026-03-06T09:55:40.806216Z", "no_price": 92, "no_price_dollars": "0.9200", "price": 0.08, "taker_side": "no", "ticker": "KXINX-26MAR06H1600-B6837", "trade_id": "7b4c4c3b-0884-5215-7e08-1e50da29eb0b", "yes_price": 8, "yes_price_dollars": "0.0800"}
{"count": 2, "count_fp": "2.00", "created_time": "2026-03-06T09:55:40.806216Z", "no_price": 89, "no_price_dollars": "0.8900", "price": 0.11, "taker_side": "no", "ticker": "KXINX-26MAR06H1600-B6837", "trade_id": "780a7348-6eb4-5579-7dfc-59d35bd1b134", "yes_price": 11, "yes_price_dollars": "0.1100"}
{"count": 18, "count_fp": "18.00", "created_time": "2026-03-06T09:55:40.806216Z", "no_price": 86, "no_price_dollars": "0.8600", "price": 0.14, "taker_side": "no", "ticker": "KXINX-26MAR06H1600-B6837", "trade_id": "72d98aa1-2dea-5d2f-44a5-a8e3bf6ed543", "yes_price": 14, "yes_price_dollars": "0.1400"}
{"count": 50, "count_fp": "50.00", "created_time": "2026-03-06T09:55:40.806216Z", "no_price": 87, "no_price_dollars": "0.8700", "price": 0.13, "taker_side": "no", "ticker": "KXINX-26MAR06H1600-B6837", "trade_id": "34b47ae8-228d-59b0-5e12-a249a0cfc2d6", "yes_price": 13, "yes_price_dollars": "0.1300"}
{"count": 20, "count_fp": "20.00", "created_time": "2026-03-06T08:59:26.435131Z", "no_price": 76, "no_price_dollars": "0.7600", "price": 0.24, "taker_side": "yes", "ticker": "KXINX-26MAR06H1600-B6837", "trade_id": "a85064a4-9b65-424e-5f4e-ee19cd9595b3", "yes_price": 24, "yes_price_dollars": "0.2400"}
{"count": 2, "count_fp": "2.00", "created_time": "2026-03-06T07:59:12.623509Z", "no_price": 77, "no_price_dollars": "0.7700", "price": 0.23, "taker_side": "yes", "ticker": "KXINX-26MAR06H1600-B6837", "trade_id": "e05a7556-aca8-79ec-580f-93d8b30229e5", "yes_price": 23, "yes_price_dollars": "0.2300"}
{"count": 2, "count_fp": "2.00", "created_time": "2026-03-06T07:59:12.623509Z", "no_price": 78, "no_price_dollars": "0.7800", "price": 0.22, "taker_side": "yes", "ticker": "KXINX-26MAR06H1600-B6837", "trade_id": "aeddf8df-3f70-796a-4481-1301393acada", "yes_price": 22, "yes_price_dollars": "0.2200"}
{"count": 10, "count_fp": "10.00", "created_time": "2026-03-06T07:59:12.623509Z", "no_price": 79, "no_price_dollars": "0.7900", "price": 0.21, "taker_side": "yes", "ticker": "KXINX-26MAR06H1600-B6837", "trade_id": "9ea67ec5-9271-7000-5aaf-f6b784df2ad0", "yes_price": 21, "yes_price_dollars": "0.2100"}
{"count": 109, "count_fp": "109.00", "created_time": "2026-03-06T07:59:12.623509Z", "no_price": 76, "no_price_dollars": "0.7600", "price": 0.24, "taker_side": "yes", "ticker": "KXINX-26MAR06H1600-B6837", "trade_id": "3378365f-a57d-77e2-5ef9-06eb425aff8f", "yes_price": 24, "yes_price_dollars": "0.2400"}
{"count": 4, "count_fp": "4.00", "created_time": "2026-03-06T06:27:53.084255Z", "no_price": 76, "no_price_dollars": "0.7600", "price": 0.24, "taker_side": "yes", "ticker": "KXINX-26MAR06H1600-B6837", "trade_id": "dcff51ec-d0bd-44d6-0425-8caa88c360f7", "yes_price": 24, "yes_price_dollars": "0.2400"}
{"count": 4, "count_fp": "4.00", "created_time": "2026-03-06T06:26:54.13538Z", "no_price": 76, "no_price_dollars": "0.7600", "price": 0.24, "taker_side": "yes", "ticker": "KXINX-26MAR06H1600-B6837", "trade_id": "9c519fb8-08d9-5d9a-258e-83fa1feaf26b", "yes_price": 24, "yes_price_dollars": "0.2400"}
{"count": 4, "count_fp": "4.00", "created_time": "2026-03-06T06:25:30.609039Z", "no_price": 76, "no_price_dollars": "0.7600", "price": 0.24, "taker_side": "yes", "ticker": "KXINX-26MAR06H1600-B6837", "trade_id": "794e957e-ad91-736a-22f5-d03cf0b81927", "yes_price": 24, "yes_price_dollars": "0.2400"}
{"count": 8, "count_fp": "8.00", "created_time": "2026-03-06T06:25:00.422844Z", "no_price": 76, "no_price_dollars": "0.7600", "price": 0.24, "taker_side": "yes", "ticker": "KXINX-26MAR06H1600-B6837", "trade_id": "4463eaa2-20ed-6c9e-3834-9d78974ba13f", "yes_price": 24, "yes_price_dollars": "0.2400"}
{"count": 1, "count_fp": "1.00", "created_time": "2026-03-06T05:19:41.984164Z", "no_price": 87, "no_price_dollars": "0.8700", "price": 0.13, "taker_side": "no", "ticker": "KXINX-26MAR06H1600-B6837", "trade_id": "b0d11af0-8453-48d3-b17d-ca800d94b2aa", "yes_price": 13, "yes_price_dollars": "0.1300"}
{"count": 76, "count_fp": "76.00", "created_time": "2026-03-06T04:51:08.213604Z", "no_price": 76, "no_price_dollars": "0.7600", "price": 0.24, "taker_side": "yes", "ticker": "KXINX-26MAR06H1600-B6837", "trade_id": "78cdccee-8e89-5192-dd94-b1c132ba3007", "yes_price": 24, "yes_price_dollars": "0.2400"}
{"count": 8, "count_fp": "8.00", "created_time": "2026-03-06T04:51:08.213604Z", "no_price": 85, "no_price_dollars": "0.8500", "price": 0.15, "taker_side": "yes", "ticker": "KXINX-26MAR06H1600-B6837", "trade_id": "78acd5f1-768e-58bf-dd95-446d5d8dbd9c", "yes_price": 15, "yes_price_dollars": "0.1500"}
{"count": 3, "count_fp": "3.00", "created_time": "2026-03-06T04:34:09.153671Z", "no_price": 85, "no_price_dollars": "0.8500", "price": 0.15, "taker_side": "yes", "ticker": "KXINX-26MAR06H1600-B6837", "trade_id": "86fc2c37-d07e-7593-1c25-270109305c28", "yes_price": 15, "yes_price_dollars": "0.1500"}
{"count": 32, "count_fp": "32.00", "created_time": "2026-03-06T04:16:22.181592Z", "no_price": 85, "no_price_dollars": "0.8500", "price": 0.15, "taker_side": "yes", "ticker": "KXINX-26MAR06H1600-B6837", "trade_id": "270800fa-cf7e-52bb-a0dc-d67fc7b35830", "yes_price": 15, "yes_price_dollars": "0.1500"}
{"count": 20, "count_fp": "20.00", "created_time": "2026-03-06T03:56:36.187226Z", "no_price": 85, "no_price_dollars": "0.8500", "price": 0.15, "taker_side": "yes", "ticker": "KXINX-26MAR06H1600-B6837", "trade_id": "057713ec-bca6-7cef-7d78-3fb47a947fe0", "yes_price": 15, "yes_price_dollars": "0.1500"}
{"count": 17, "count_fp": "17.00", "created_time": "2026-03-06T02:44:10.389031Z", "no_price": 85, "no_price_dollars": "0.8500", "price": 0.15, "taker_side": "yes", "ticker": "KXINX-26MAR06H1600-B6837", "trade_id": "2803ca91-3872-64f7-b054-9e471388d4f0", "yes_price": 15, "yes_price_dollars": "0.1500"}
{"count": 129, "count_fp": "129.00", "created_time": "2026-03-06T02:41:08.240216Z", "no_price": 85, "no_price_dollars": "0.8500", "price": 0.15, "taker_side": "yes", "ticker": "KXINX-26MAR06H1600-B6837", "trade_id": "179c35a0-f28a-6887-c3c4-33c9e261cbf8", "yes_price": 15, "yes_price_dollars": "0.1500"}
{"count": 12, "count_fp": "12.00", "created_time": "2026-03-06T02:22:38.139727Z", "no_price": 70, "no_price_dollars": "0.7000", "price": 0.3, "taker_side": "yes", "ticker": "KXINX-26MAR06H1600-B6837", "trade_id": "e65b612b-cf5a-4659-5940-d9ec058d7668", "yes_price": 30, "yes_price_dollars": "0.3000"}
{"count": 200, "count_fp": "200.00", "created_time": "2026-03-06T02:22:38.139727Z", "no_price": 78, "no_price_dollars": "0.7800", "price": 0.22, "taker_side": "yes", "ticker": "KXINX-26MAR06H1600-B6837", "trade_id": "deb60fd5-6ad1-469f-409b-833c4ec9d6c6", "yes_price": 22, "yes_price_dollars": "0.2200"}
{"count": 5, "count_fp": "5.00", "created_time": "2026-03-06T02:22:38.139727Z", "no_price": 85, "no_price_dollars": "0.8500", "price": 0.15, "taker_side": "yes", "ticker": "KXINX-26MAR06H1600-B6837", "trade_id": "248d655c-f54a-4f65-746b-579667803825", "yes_price": 15, "yes_price_dollars": "0.1500"}
{"count": 1, "count_fp": "1.00", "created_time": "2026-03-06T02:22:38.139727Z", "no_price": 83, "no_price_dollars": "0.8300", "price": 0.17, "taker_side": "yes", "ticker": "KXINX-26MAR06H1600-B6837", "trade_id": "07ff987f-f5ca-4adb-7616-84afb91d4383", "yes_price": 17, "yes_price_dollars": "0.1700"}
{"count": 5, "count_fp": "5.00", "created_time": "2026-03-06T01:52:05.326606Z", "no_price": 86, "no_price_dollars": "0.8600", "price": 0.14, "taker_side": "no", "ticker": "KXINX-26MAR06H1600-B6837", "trade_id": "c6426ee1-7ee7-6f5d-6cc4-0a6d15baf882", "yes_price": 14, "yes_price_dollars": "0.1400"}
{"count": 10, "count_fp": "10.00", "created_time": "2026-03-06T01:27:19.409024Z", "no_price": 87, "no_price_dollars": "0.8700", "price": 0.13, "taker_side": "no", "ticker": "KXINX-26MAR06H1600-B6837", "trade_id": "78c7b1a0-d9d9-6e18-9cb8-5a149dabd6e2", "yes_price": 13, "yes_price_dollars": "0.1300"}
{"count": 31, "count_fp": "31.00", "created_time": "2026-03-06T01:27:02.066153Z", "no_price": 84, "no_price_dollars": "0.8400", "price": 0.16, "taker_side": "yes", "ticker": "KXINX-26MAR06H1600-B6837", "trade_id": "57c5378a-2991-6657-2b86-3e112ff182d9", "yes_price": 16, "yes_price_dollars": "0.1600"}
{"count": 55, "count_fp": "55.00", "created_time": "2026-03-06T01:12:12.646425Z", "no_price": 84, "no_price_dollars": "0.8400", "price": 0.16, "taker_side": "yes", "ticker": "KXINX-26MAR06H1600-B6837", "trade_id": "b9ff8dcf-650d-681b-e6eb-9e659e180ead", "yes_price": 16, "yes_price_dollars": "0.1600"}
{"count": 28, "count_fp": "28.00", "created_time": "2026-03-06T01:05:00.200979Z", "no_price": 84, "no_price_dollars": "0.8400", "price": 0.16, "taker_side": "yes", "ticker": "KXINX-26MAR06H1600-B6837", "trade_id": "c8debd94-0531-72bf-8f6f-346f139d6741", "yes_price": 16, "yes_price_dollars": "0.1600"}
{"count": 3, "count_fp": "3.00", "created_time": "2026-03-06T01:05:00.200979Z", "no_price": 89, "no_price_dollars": "0.8900", "price": 0.11, "taker_side": "yes", "ticker": "KXINX-26MAR06H1600-B6837", "trade_id": "64a9c39d-da85-7158-b806-4c482e6c8e61", "yes_price": 11, "yes_price_dollars": "0.1100"}
{"count": 2, "count_fp": "2.00", "created_time": "2026-03-06T00:33:05.031729Z", "no_price": 86, "no_price_dollars": "0.8600", "price": 0.14, "taker_side": "no", "ticker": "KXINX-26MAR06H1600-B6837", "trade_id": "1cc0d779-0280-4193-0195-aa3b9b3afc94", "yes_price": 14, "yes_price_dollars": "0.1400"}
{"count": 60, "count_fp": "60.00", "created_time": "2026-03-06T00:27:41.904488Z", "no_price": 84, "no_price_dollars": "0.8400", "price": 0.16, "taker_side": "yes", "ticker": "KXINX-26MAR06H1600-B6837", "trade_id": "0223e3d3-faed-6ac3-67d9-8a4df2c87241", "yes_price": 16, "yes_price_dollars": "0.1600"}
{"count": 12, "count_fp": "12.00", "created_time": "2026-03-06T00:05:59.654355Z", "no_price": 84, "no_price_dollars": "0.8400", "price": 0.16, "taker_side": "yes", "ticker": "KXINX-26MAR06H1600-B6837", "trade_id": "33fc2726-fe29-4aab-710b-12a1e0dbea01", "yes_price": 16, "yes_price_dollars": "0.1600"}
{"count": 20, "count_fp": "20.00", "created_time": "2026-03-06T20:42:25.725997Z", "no_price": 99, "no_price_dollars": "0.9900", "price": 0.01, "taker_side": "yes", "ticker": "KXINX-26MAR06H1600-B6812", "trade_id": "e154aeb1-1fb2-4c50-025e-05081f1dd194", "yes_price": 1, "yes_price_dollars": "0.0100"}
{"count": 28, "count_fp": "28.00", "created_time": "2026-03-06T20:42:25.725997Z", "no_price": 98, "no_price_dollars": "0.9800", "price": 0.02, "taker_side": "yes", "ticker": "KXINX-26MAR06H1600-B6812", "trade_id": "1f5b9e74-8a88-454b-2837-6dba02a03ced", "yes_price": 2, "yes_price_dollars": "0.0200"}
{"count": 20, "count_fp": "20.00", "created_time": "2026-03-06T20:42:25.725997Z", "no_price": 99, "no_price_dollars": "0.9900", "price": 0.01, "taker_side": "yes", "ticker": "KXINX-26MAR06H1600-B6812", "trade_id": "16d0b007-b81c-47c9-3c80-1bc06fed086a", "yes_price": 1, "yes_price_dollars": "0.0100"}
{"count": 19, "count_fp": "19.00", "created_time": "2026-03-06T20:15:46.529883Z", "no_price": 99, "no_price_dollars": "0.9900", "price": 0.01, "taker_side": "no", "ticker": "KXINX-26MAR06H1600-B6812", "trade_id": "77cec4ae-7be8-73b4-5382-83aa548bd06a", "yes_price": 1, "yes_price_dollars": "0.0100"}
{"count": 65, "count_fp": "65.00", "created_time": "2026-03-06T20:12:19.608866Z", "no_price": 98, "no_price_dollars": "0.9800", "price": 0.02, "taker_side": "yes", "ticker": "KXINX-26MAR06H1600-B6812", "trade_id": "4c98e5e4-4f53-7a10-6653-75102b944646", "yes_price": 2, "yes_price_dollars": "0.0200"}
{"count": 25, "count_fp": "25.00", "created_time": "2026-03-06T19:54:52.259759Z", "no_price": 97, "no_price_dollars": "0.9700", "price": 0.03, "taker_side": "no", "ticker": "KXINX-26MAR06H1600-B6812", "trade_id": "ef45e2b1-ca9c-4d61-70f1-29d1f005891b", "yes_price": 3, "yes_price_dollars": "0.0300"}
