{"count": 10, "count_fp": "10.00", "created_time": "2026-02-24T13:06:19.360656Z", "no_price": 97, "no_price_dollars": "0.9700", "price": 0.03, "taker_side": "yes", "ticker": "KXINX-26FEB24H1600-B6962", "trade_id": "0aabba8b-f2e6-4792-660a-8ed1c586ffac", "yes_price": 3, "yes_price_dollars": "0.0300"}
{"count": 10, "count_fp": "10.00", "created_time": "2026-02-24T05:06:41.146563Z", "no_price": 70, "no_price_dollars": "0.7000", "price": 0.3, "taker_side": "yes", "ticker": "KXINX-26FEB24H1600-B6962", "trade_id": "e330465f-8886-7cf3-0963-f10eeebec4b7", "yes_price": 30, "yes_price_dollars": "0.3000"}
{"count": 10, "count_fp": "10.00", "created_time": "2026-02-24T18:22:25.367597Z", "no_price": 99, "no_price_dollars": "0.9900", "price": 0.01, "taker_side": "no", "ticker": "KXINX-26FEB24H1600-B6937", "trade_id": "cd90bc8c-de5e-5396-a60b-9a38575dd76b", "yes_price": 1, "yes_price_dollars": "0.0100"}
{"count": 10, "count_fp": "10.00", "created_time": "2026-02-24T18:20:57.792394Z", "no_price": 99, "no_price_dollars": "0.9900", "price": 0.01, "taker_side": "no", "ticker": "KXINX-26FEB24H1600-B6937", "trade_id": "9c322e7b-7e03-5e83-5476-d7a57422498b", "yes_price": 1, "yes_price_dollars": "0.0100"}
{"count": 291, "count_fp": "291.00", "created_time": "2026-02-24T18:18:51.207797Z", "no_price": 95, "no_price_dollars": "0.9500", "price": 0.05, "taker_side": "yes", "ticker": "KXINX-26FEB24H1600-B6937", "trade_id": "d691fe42-fc4c-4712-85a2-e22492a640ae", "yes_price": 5, "yes_price_dollars": "0.0500"}
{"count": 10, "count_fp": "10.00", "created_time": "2026-02-24T18:18:51.207797Z", "no_price": 95, "no_price_dollars": "0.9500", "price": 0.05, "taker_side": "yes", "ticker": "KXINX-26FEB24H1600-B6937", "trade_id": "7a69f924-83ba-49a9-84aa-9359aa6d3119", "yes_price": 5, "yes_price_dollars": "0.0500"}
{"count": 10, "count_fp": "10.00", "created_time": "2026-02-24T17:40:12.97809Z", "no_price": 96, "no_price_dollars": "0.9600", "price": 0.04, "taker_side": "yes", "ticker": "KXINX-26FEB24H1600-B6937", "trade_id": "9db1f082-7619-556a-f395-104a4d025122", "yes_price": 4, "yes_price_dollars": "0.0400"}
{"count": 6, "count_fp": "6.00", "created_time": "2026-02-24T15:55:28.207901Z", "no_price": 95, "no_price_dollars": "0.9500", "price": 0.05, "taker_side": "no", "ticker": "KXINX-26FEB24H1600-B6937", "trade_id": "28b65bba-e4f7-53c2-0401-48b6c10965d6", "yes_price": 5, "yes_price_dollars": "0.0500"}
{"count": 9, "count_fp": "9.00", "created_time": "2026-02-24T15:44:46.607242Z", "no_price": 95, "no_price_dollars": "0.9500", "price": 0.05, "taker_side": "no", "ticker": "KXINX-26FEB24H1600-B6937", "trade_id": "eb8428f4-6ceb-74f1-b29f-555660106235", "yes_price": 5, "yes_price_dollars": "0.0500"}
{"count": 1, "count_fp": "1.00", "created_time": "2026-02-24T15:44:46.607242Z", "no_price": 98, "no_price_dollars": "0.9800", "price": 0.02, "taker_side": "no", "ticker": "KXINX-26FEB24H1600-B6937", "trade_id": "2069552f-66ea-778a-8c60-7b8bf5af4ad0", "yes_price": 2, "yes_price_dollars": "0.0200"}
{"count": 1666, "count_fp": "1666.00", "created_time": "2026-02-24T15:44:23.355723Z", "no_price": 94, "no_price_dollars": "0.9400", "price": 0.06, "taker_side": "yes", "ticker": "KXINX-26FEB24H1600-B6937", "trade_id": "e6c67ca6-e5d9-4ab8-aca0-3ca9793e6292", "yes_price": 6, "yes_price_dollars": "0.0600"}
{"count": 8, "count_fp": "8.00", "created_time": "2026-02-24T20:58:59.119241Z", "no_price": 96, "no_price_dollars": "0.9600", "price": 0.04, "taker_side": "yes", "ticker": "KXINX-26FEB24H1600-B6912", "trade_id": "aff1a8ca-80a6-5587-173b-0ce3ef29daa6", "yes_price": 4, "yes_price_dollars": "0.0400"}
{"count": 10, "count_fp": "10.00", "created_time": "2026-02-24T20:58:59.119241Z", "no_price": 97, "no_price_dollars": "0.9700", "price": 0.03, "taker_side": "yes", "ticker": "KXINX-26FEB24H1600-B6912", "trade_id": "9c3205a4-603e-5d44-1c8c-5fe40d4fa053", "yes_price": 3, "yes_price_dollars": "0.0300"}
{"count": 8, "count_fp": "8.00", "created_time": "2026-02-24T20:58:59.119241Z", "no_price": 55, "no_price_dollars": "0.5500", "price": 0.45, "taker_side": "yes", "ticker": "KXINX-26FEB24H1600-B6912", "trade_id": "8ca9446f-6d3a-5b2d-089e-4fa2ad044392", "yes_price": 45, "yes_price_dollars": "0.4500"}
{"count": 50, "count_fp": "50.00", "created_time": "2026-02-24T20:58:59.119241Z", "no_price": 96, "no_price_dollars": "0.9600", "price": 0.04, "taker_side": "yes", "ticker": "KXINX-26FEB24H1600-B6912", "trade_id": "73c751f5-b9e0-5607-2fea-74949be555ae", "yes_price": 4, "yes_price_dollars": "0.0400"}
{"count": 10, "count_fp": "10.00", "created_time": "2026-02-24T20:58:59.119241Z", "no_price": 97, "no_price_dollars": "0.9700", "price": 0.03, "taker_side": "yes", "ticker": "KXINX-26FEB24H1600-B6912", "trade_id": "0cd2b112-cf6e-5138-1edc-847bb172760d", "yes_price": 3, "yes_price_dollars": "0.0300"}
{"count": 10, "count_fp": "10.00", "created_time": "2026-02-24T20:55:42.965772Z", "no_price": 95, "no_price_dollars": "0.9500", "price": 0.05, "taker_side": "yes", "ticker": "KXINX-26FEB24H1600-B6912", "trade_id": "f820fad8-00c7-47de-94c5-c18bd507edc4", "yes_price": 5, "yes_price_dollars": "0.0500"}
{"count": 9, "count_fp": "9.00", "created_time": "2026-02-24T20:55:42.965772Z", "no_price": 95, "no_price_dollars": "0.9500", "price": 0.05, "taker_side": "yes", "ticker": "KXINX-26FEB24H1600-B6912", "trade_id": "f27500b3-c18a-4bb2-8e0c-c67e24e8bc91", "yes_price": 5, "yes_price_dollars": "0.0500"}
{"count": 16, "count_fp": "16.00", "created_time": "2026-02-24T20:55:42.965772Z", "no_price": 94, "no_price_dollars": "0.9400", "price": 0.06, "taker_side": "yes", "ticker": "KXINX-26FEB24H1600-B6912", "trade_id": "5e545c5b-c106-4f2f-ae3d-123638da29f4", "yes_price": 6, "yes_price_dollars": "0.0600"}
{"count": 10, "count_fp": "10.00", "created_time": "2026-02-24T20:55:04.257933Z", "no_price": 91, "no_price_dollars": "0.9100", "price": 0.09, "taker_side": "no", "ticker": "KXINX-26FEB24H1600-B6912", "trade_id": "9790d902-f182-4f10-9411-1fb9e5c032ef", "yes_price": 9, "yes_price_dollars": "0.0900"}
{"count": 17, "count_fp": "17.00", "created_time": "2026-02-24T20:55:00.918768Z", "no_price": 90, "no_price_dollars": "0.9000", "price": 0.1, "taker_side": "no", "ticker": "KXINX-26FEB24H1600-B6912", "trade_id": "60112218-8201-4f09-4e3a-c68386e9c638", "yes_price": 10, "yes_price_dollars": "0.1000"}
{"count": 5, "count_fp": "5.00", "created_time": "2026-02-24T20:54:10.248117Z", "no_price": 90, "no_price_dollars": "0.9000", "price": 0.1, "taker_side": "yes", "ticker": "KXINX-26FEB24H1600-B6912", "trade_id": "436e51cb-f642-6a67-64fd-08e261e34ac4", "yes_price": 10, "yes_price_dollars": "0.1000"}
{"count": 10, "count_fp": "10.00", "created_time": "2026-02-24T20:54:10.219269Z", "no_price": 92, "no_price_dollars": "0.9200", "price": 0.08, "taker_side": "yes", "ticker": "KXINX-26FEB24H1600-B6912", "trade_id": "f3e09a3b-7f28-7077-6670-2cf05a952587", "yes_price": 8, "yes_price_dollars": "0.0800"}
{"count": 7, "count_fp": "7.00", "created_time": "2026-02-24T20:54:10.219269Z", "no_price": 93, "no_price_dollars": "0.9300", "price": 0.07, "taker_side": "yes", "ticker": "KXINX-26FEB24H1600-B6912", "trade_id": "cd02aafe-130b-7441-440f-81763db24934", "yes_price": 7, "yes_price_dollars": "0.0700"}
{"count": 8, "count_fp": "8.00", "created_time": "2026-02-24T20:53:50.030259Z", "no_price": 93, "no_price_dollars": "0.9300", "price": 0.07, "taker_side": "yes", "ticker": "KXINX-26FEB24H1600-B6912", "trade_id": "097e2802-61b6-6456-5cfc-105828bc2228", "yes_price": 7, "yes_price_dollars": "0.0700"}
{"count": 4, "count_fp": "4.00", "created_time": "2026-02-24T20:52:35.366036Z", "no_price": 92, "no_price_dollars": "0.9200", "price": 0.08, "taker_side": "no", "ticker": "KXINX-26FEB24H1600-B6912", "trade_id": "41d21aa8-86ba-4bfe-b290-3bceaf6a86fd", "yes_price": 8, "yes_price_dollars": "0.0800"}
{"count": 6, "count_fp": "6.00", "created_time": "2026-02-24T20:52:31.342477Z", "no_price": 92, "no_price_dollars": "0.9200", "price": 0.08, "taker_side": "no", "ticker": "KXINX-26FEB24H1600-B6912", "trade_id": "08a47610-9d72-6a0e-2937-a81ad47fb529", "yes_price": 8, "yes_price_dollars": "0.0800"}
{"count": 4, "count_fp": "4.00", "created_time": "2026-02-24T20:52:18.8592Z", "no_price": 88, "no_price_dollars": "0.8800", "price": 0.12, "taker_side": "no", "ticker": "KXINX-26FEB24H1600-B6912", "trade_id": "48bfeedb-25b5-7b07-f5ca-32b15cab46aa", "yes_price": 12, "yes_price_dollars": "0.1200"}
{"count": 11, "count_fp": "11.00", "created_time": "2026-02-24T20:52:13.36909Z", "no_price": 89, "no_price_dollars": "0.8900", "price": 0.11, "taker_side": "no", "ticker": "KXINX-26FEB24H1600-B6912", "trade_id": "adc50556-4d99-4683-2483-8517f4c9e63f", "yes_price": 11, "yes_price_dollars": "0.1100"}
{"count": 10, "count_fp": "10.00", "created_time": "2026-02-24T20:52:06.045935Z", "no_price": 78, "no_price_dollars": "0.7800", "price": 0.22, "taker_side": "no", "ticker": "KXINX-26FEB24H1600-B6912", "trade_id": "10b1d020-a893-4c39-ac1c-cda402f2e784", "yes_price": 22, "yes_price_dollars": "0.2200"}
{"count": 10, "count_fp": "10.00", "created_time": "2026-02-24T20:51:40.077185Z", "no_price": 75, "no_price_dollars": "0.7500", "price": 0.25, "taker_side": "yes", "ticker": "KXINX-26FEB24H1600-B6912", "trade_id": "43113529-57f0-5f02-e3ba-51192041ccc9", "yes_price": 25, "yes_price_dollars": "0.2500"}
{"count": 10, "count_fp": "10.00", "created_time": "2026-02-24T20:50:41.979379Z", "no_price": 56, "no_price_dollars": "0.5600", "price": 0.44, "taker_side": "yes", "ticker": "KXINX-26FEB24H1600-B6912", "trade_id": "9baf19e6-4413-66b6-1d34-96e6a7a8db93", "yes_price": 44, "yes_price_dollars": "0.4400"}
{"count": 112, "count_fp": "112.00", "created_time": "2026-02-24T20:50:38.235918Z", "no_price": 58, "no_price_dollars": "0.5800", "price": 0.42, "taker_side": "yes", "ticker": "KXINX-26FEB24H1600-B6912", "trade_id": "3f7561a0-97db-6021-5039-1c7544e9f7d5", "yes_price": 42, "yes_price_dollars": "0.4200"}
{"count": 50, "count_fp": "50.00", "created_time": "2026-02-24T20:50:28.531203Z", "no_price": 67, "no_price_dollars": "0.6700", "price": 0.33, "taker_side": "yes", "ticker": "KXINX-26FEB24H1600-B6912", "trade_id": "8e9bcc1d-aeb8-41eb-eb0d-9742a405bd1b", "yes_price": 33, "yes_price_dollars": "0.3300"}
{"count": 10, "count_fp": "10.00", "created_time": "2026-02-24T20:50:26.38096Z", "no_price": 68, "no_price_dollars": "0.6800", "price": 0.32, "taker_side": "yes", "ticker": "KXINX-26FEB24H1600-B6912", "trade_id": "2bce5329-2076-4976-d1ee-78eed214cbe2", "yes_price": 32, "yes_price_dollars": "0.3200"}
{"count": 10, "count_fp": "10.00", "created_time": "2026-02-24T20:50:25.664876Z", "no_price": 68, "no_price_dollars": "0.6800", "price": 0.32, "taker_side": "yes", "ticker": "KXINX-26FEB24H1600-B6912", "trade_id": "6e78a92b-ac72-422b-e9af-5020ab276bf2", "yes_price": 32, "yes_price_dollars": "0.3200"}
{"count": 10, "count_fp": "10.00", "created_time": "2026-02-24T20:50:04.612049Z", "no_price": 89, "no_price_dollars": "0.8900", "price": 0.11, "taker_side": "yes", "ticker": "KXINX-26FEB24H1600-B6912", "trade_id": "c397c01a-ab29-7f8f-2234-23e6a65f053c", "yes_price": 11, "yes_price_dollars": "0.1100"}
{"count": 195, "count_fp": "195.00", "created_time": "2026-02-24T20:48:31.995107Z", "no_price": 89, "no_price_dollars": "0.8900", "price": 0.11, "taker_side": "yes", "ticker": "KXINX-26FEB24H1600-B6912", "trade_id": "3524f412-4e65-70f0-49b7-bd764a07207d", "yes_price": 11, "yes_price_dollars": "0.1100"}
{"count": 10, "count_fp": "10.00", "created_time": "2026-02-24T20:48:31.995107Z", "no_price": 92, "no_price_dollars": "0.9200", "price": 0.08, "taker_side": "yes", "ticker": "KXINX-26FEB24H1600-B6912", "trade_id": "15e6ca26-db9a-714b-46d5-be975a63e841", "yes_price": 8, "yes_price_dollars": "0.0800"}
{"count": 1, "count_fp": "1.00", "created_time": "2026-02-24T20:48:26.767548Z", "no_price": 94, "no_price_dollars": "0.9400", "price": 0.06, "taker_side": "yes", "ticker": "KXINX-26FEB24H1600-B6912", "trade_id": "000fb4ce-6b05-6e39-d53f-198a5d311455", "yes_price": 6, "yes_price_dollars": "0.0600"}
{"count": 37, "count_fp": "37.00", "created_time": "2026-02-24T20:48:07.459727Z", "no_price": 94, "no_price_dollars": "0.9400", "price": 0.06, "taker_side": "no", "ticker": "KXINX-26FEB24H1600-B6912", "trade_id": "3a75b625-797d-6e7e-53ff-1290fea74ca4", "yes_price": 6, "yes_price_dollars": "0.0600"}
{"count": 10, "count_fp": "10.00", "created_time": "2026-02-24T20:46:49.287672Z", "no_price": 95, "no_price_dollars": "0.9500", "price": 0.05, "taker_side": "yes", "ticker": "KXINX-26FEB24H1600-B6912", "trade_id": "41f48ee8-9216-6aaf-c802-dcc44cd79173", "yes_price": 5, "yes_price_dollars": "0.0500"}
{"count": 19, "count_fp": "19.00", "created_time": "2026-02-24T20:46:48.133435Z", "no_price": 96, "no_price_dollars": "0.9600", "price": 0.04, "taker_side": "yes", "ticker": "KXINX-26FEB24H1600-B6912", "trade_id": "d6ba6aa0-17ad-6012-e940-b2d5edc24bdf", "yes_price": 4, "yes_price_dollars": "0.0400"}
{"count": 13, "count_fp": "13.00", "created_time": "2026-02-24T20:46:48.133435Z", "no_price": 96, "no_price_dollars": "0.9600", "price": 0.04, "taker_side": "yes", "ticker": "KXINX-26FEB24H1600-B6912", "trade_id": "184643fc-7cd3-6269-fdef-689c599b6098", "yes_price": 4, "yes_price_dollars": "0.0400"}
{"count": 8, "count_fp": "8.00", "created_time": "2026-02-24T20:46:48.133435Z", "no_price": 96, "no_price_dollars": "0.9600", "price": 0.04, "taker_side": "yes", "ticker": "KXINX-26FEB24H1600-B6912", "trade_id": "107dcbab-3c9a-6052-d090-5d3f67ff9ecf", "yes_price": 4, "yes_price_dollars": "0.0400"}
{"count": 10, "count_fp": "10.00", "created_time": "2026-02-24T20:46:22.537482Z", "no_price": 96, "no_price_dollars": "0.9600", "price": 0.04, "taker_side": "no", "ticker": "KXINX-26FEB24H1600-B6912", "trade_id": "b948f5cb-c056-4729-4770-92e90fac7825", "yes_price": 4, "yes_price_dollars": "0.0400"}
{"count": 9, "count_fp": "9.00", "created_time": "2026-02-24T20:44:47.344998Z", "no_price": 97, "no_price_dollars": "0.9700", "price": 0.03, "taker_side": "no", "ticker": "KXINX-26FEB24H1600-B6912", "trade_id": "25a0c6a3-8f8d-6796-1866-984315d93338", "yes_price": 3, "yes_price_dollars": "0.0300"}
{"count": 17, "count_fp": "17.00", "created_time": "2026-02-24T20:44:43.283594Z", "no_price": 97, "no_price_dollars": "0.9700", "price": 0.03, "taker_side": "no", "ticker": "KXINX-26FEB24H1600-B6912", "trade_id": "dbd28783-a00d-6a7a-b786-4a08868bb298", "yes_price": 3, "yes_price_dollars": "0.0300"}
{"count": 5, "count_fp": "5.00", "created_time": "2026-02-24T20:44:43.283594Z", "no_price": 96, "no_price_dollars": "0.9600", "price": 0.04, "taker_side": "no", "ticker": "KXINX-26FEB24H1600-B6912", "trade_id": "acdcc4e5-8ca1-6760-bb2f-4b26054a9853", "yes_price": 4, "yes_price_dollars": "0.0400"}
{"count": 5, "count_fp": "5.00", "created_time": "2026-02-24T20:44:40.700935Z", "no_price": 96, "no_price_dollars": "0.9600", "price": 0.04, "taker_side": "no", "ticker": "KXINX-26FEB24H1600-B6912", "trade_id": "56234d52-4921-7e38-ec00-6c7e810e344b", "yes_price": 4, "yes_price_dollars": "0.0400"}
{"count": 2, "count_fp": "2.00", "created_time": "2026-02-24T20:38:27.368768Z", "no_price": 96, "no_price_dollars": "0.9600", "price": 0.04, "taker_side": "yes", "ticker": "KXINX-26FEB24H1600-B6912", "trade_id": "c2fef833-8e21-6e8c-e28b-d2d5ebcab6fb", "yes_price": 4, "yes_price_dollars": "0.0400"}
{"count": 31, "count_fp": "31.00", "created_time": "2026-02-24T20:37:41.453551Z", "no_price": 96, "no_price_dollars": "0.9600", "price": 0.04, "taker_side": "no", "ticker": "KXINX-26FEB24H1600-B6912", "trade_id": "bbd04e6d-2d52-7b54-60ff-9f2ba60f6b59", "yes_price": 4, "yes_price_dollars": "0.0400"}
{"count": 2, "count_fp": "2.00", "created_time": "2026-02-24T20:37:38.969584Z", "no_price": 96, "no_price_dollars": "0.9600", "price": 0.04, "taker_side": "no", "ticker": "KXINX-26FEB24H1600-B6912", "trade_id": "4de4e6c5-58c6-45fc-1630-ffcc8b6bf8a1", "yes_price": 4, "yes_price_dollars": "0.0400"}
{"count": 31, "count_fp": "31.00", "created_time": "2026-02-24T20:35:52.73604Z", "no_price": 96, "no_price_dollars": "0.9600", "price": 0.04, "taker_side": "no", "ticker": "KXINX-26FEB24H1600-B6912", "trade_id": "fa1ee5c6-39ca-50b0-9808-61862b1d0651", "yes_price": 4, "yes_price_dollars": "0.0400"}
{"count": 4, "count_fp": "4.00", "created_time": "2026-02-24T20:35:50.244475Z", "no_price": 96, "no_price_dollars": "0.9600", "price": 0.04, "taker_side": "no", "ticker": "KXINX-26FEB24H1600-B6912", "trade_id": "68decc1b-a78e-5eac-f685-3b38adb26e1d", "yes_price": 4, "yes_price_dollars": "0.0400"}
{"count": 6, "count_fp": "6.00", "created_time": "2026-02-24T20:34:02.721015Z", "no_price": 96, "no_price_dollars": "0.9600", "price": 0.04, "taker_side": "no", "ticker": "KXINX-26FEB24H1600-B6912", "trade_id": "940d9403-c39a-48d4-f808-233f39a55669", "yes_price": 4, "yes_price_dollars": "0.0400"}
{"count": 28, "count_fp": "28.00", "created_time": "2026-02-24T20:34:00.244936Z", "no_price": 96, "no_price_dollars": "0.9600", "price": 0.04, "taker_side": "no", "ticker": "KXINX-26FEB24H1600-B6912", "trade_id": "0a36e8c7-ba4e-5b64-0bdd-8999d6d78895", "yes_price": 4, "yes_price_dollars": "0.0400"}
{"count": 33, "count_fp": "33.00", "created_time": "2026-02-24T20:32:14.77643Z", "no_price": 96, "no_price_dollars": "0.9600", "price": 0.04, "taker_side": "no", "ticker": "KXINX-26FEB24H1600-B6912", "trade_id": "bedb5b72-a396-6894-fd6b-94f281b0c39d", "yes_price": 4, "yes_price_dollars": "0.0400"}
{"count": 2, "count_fp": "2.00", "created_time": "2026-02-24T20:30:04.84622Z", "no_price": 96, "no_price_dollars": "0.9600", "price": 0.04, "taker_side": "no", "ticker": "KXINX-26FEB24H1600-B6912", "trade_id": "07655071-a542-4324-1c95-473e88071089", "yes_price": 4, "yes_price_dollars": "0.0400"}
{"count": 31, "count_fp": "31.00", "created_time": "2026-02-24T20:30:02.346113Z", "no_price": 96, "no_price_dollars": "0.9600", "price": 0.04, "taker_side": "no", "ticker": "KXINX-26FEB24H1600-B6912", "trade_id": "9c6cbe27-718e-5504-4b53-f1b6344093b5", "yes_price": 4, "yes_price_dollars": "0.0400"}
{"count": 32, "count_fp": "32.00", "created_time": "2026-02-24T20:28:13.557016Z", "no_price": 96, "no_price_dollars": "0.9600", "price": 0.04, "taker_side": "no", "ticker": "KXINX-26FEB24H1600-B6912", "trade_id": "dd02acae-6bde-78e4-6dfe-c6f3bf676965", "yes_price": 4, "yes_price_dollars": "0.0400"}
{"count": 31, "count_fp": "31.00", "created_time": "2026-02-24T20:26:05.52199Z", "no_price": 96, "no_price_dollars": "0.9600", "price": 0.04, "taker_side": "no", "ticker": "KXINX-26FEB24H1600-B6912", "trade_id": "3ab731bc-f4cb-64b3-1a18-dd9bc2141ef5", "yes_price": 4, "yes_price_dollars": "0.0400"}
{"count": 9, "count_fp": "9.00", "created_time": "2026-02-24T20:25:15.639269Z", "no_price": 96, "no_price_dollars": "0.9600", "price": 0.04, "taker_side": "no", "ticker": "KXINX-26FEB24H1600-B6912", "trade_id": "c5a119cf-a8b9-5402-6427-51208b0bf7ba", "yes_price": 4, "yes_price_dollars": "0.0400"}
{"count": 10, "count_fp": "10.00", "created_time": "2026-02-24T20:20:47.822525Z", "no_price": 96, "no_price_dollars": "0.9600", "price": 0.04, "taker_side": "no", "ticker": "KXINX-26FEB24H1600-B6912", "trade_id": "d066ed64-d72f-49f4-3f95-69bde666e063", "yes_price": 4, "yes_price_dollars": "0.0400"}
{"count": 21, "count_fp": "21.00", "created_time": "2026-02-24T20:20:47.822525Z", "no_price": 96, "no_price_dollars": "0.9600", "price": 0.04, "taker_side": "no", "ticker": "KXINX-26FEB24H1600-B6912", "trade_id": "4a6fe0f1-7f35-49ce-37d7-a01efbe61732", "yes_price": 4, "yes_price_dollars": "0.0400"}
{"count": 2, "count_fp": "2.00", "created_time": "2026-02-24T20:17:27.690381Z", "no_price": 97, "no_price_dollars": "0.9700", "price": 0.03, "taker_side": "no", "ticker": "KXINX-26FEB24H1600-B6912", "trade_id": "012bc669-32fa-782f-fdfb-fc970203656f", "yes_price": 3, "yes_price_dollars": "0.0300"}
{"count": 8, "count_fp": "8.00", "created_time": "2026-02-24T20:17:16.322484Z", "no_price": 97, "no_price_dollars": "0.9700", "price": 0.03, "taker_side": "no", "ticker": "KXINX-26FEB24H1600-B6912", "trade_id": "dbfdaf25-0dea-4e4f-2d6d-d7c5ee2f89ab", "yes_price": 3, "yes_price_dollars": "0.0300"}
{"count": 6, "count_fp": "6.00", "created_time": "2026-02-24T20:17:13.768516Z", "no_price": 97, "no_price_dollars": "0.9700", "price": 0.03, "taker_side": "no", "ticker": "KXINX-26FEB24H1600-B6912", "trade_id": "d2a2f6bd-06bf-6fe1-c9df-152645921d75", "yes_price": 3, "yes_price_dollars": "0.0300"}
{"count": 16, "count_fp": "16.00", "created_time": "2026-02-24T20:17:13.768516Z", "no_price": 97, "no_price_dollars": "0.9700", "price": 0.03, "taker_side": "no", "ticker": "KXINX-26FEB24H1600-B6912", "trade_id": "66f281ff-a652-6eb3-e788-bf35b8fd2377", "yes_price": 3, "yes_price_dollars": "0.0300"}
{"count": 2, "count_fp": "2.00", "created_time": "2026-02-24T20:10:57.154737Z", "no_price": 96, "no_price_dollars": "0.9600", "price": 0.04, "taker_side": "no", "ticker": "KXINX-26FEB24H1600-B6912", "trade_id": "e4eb1f50-4493-71f5-19f2-0f66f204239d", "yes_price": 4, "yes_price_dollars": "0.0400"}
{"count": 25, "count_fp": "25.00", "created_time": "2026-02-24T20:10:49.380666Z", "no_price": 96, "no_price_dollars": "0.9600", "price": 0.04, "taker_side": "no", "ticker": "KXINX-26FEB24H1600-B6912", "trade_id": "8b97b136-bae5-4f48-a2a6-6cf82f917876", "yes_price": 4, "yes_price_dollars": "0.0400"}
{"count": 2, "count_fp": "2.00", "created_time": "2026-02-24T20:10:49.380666Z", "no_price": 96, "no_price_dollars": "0.9600", "price": 0.04, "taker_side": "no", "ticker": "KXINX-26FEB24H1600-B6912", "trade_id": "08858b38-c05f-4921-a22f-efaf6ad22325", "yes_price": 4, "yes_price_dollars": "0.0400"}
{"count": 107, "count_fp": "107.00", "created_time": "2026-02-24T20:07:37.977883Z", "no_price": 91, "no_price_dollars": "0.9100", "price": 0.09, "taker_side": "yes", "ticker": "KXINX-26FEB24H1600-B6912", "trade_id": "e4f90762-1ab1-5c78-c8bb-08c12f0b67b9", "yes_price": 9, "yes_price_dollars": "0.0900"}
{"count": 269, "count_fp": "269.00", "created_time": "2026-02-24T20:06:24.605511Z", "no_price": 91, "no_price_dollars": "0.9100", "price": 0.09, "taker_side": "yes", "ticker": "KXINX-26FEB24H1600-B6912", "trade_id": "e5128520-9fc9-6c0c-3422-b98a1edfb36d", "yes_price": 9, "yes_price_dollars": "0.0900"}
{"count": 69, "count_fp": "69.00", "created_time": "2026-02-24T20:05:04.571208Z", "no_price": 93, "no_price_dollars": "0.9300", "price": 0.07, "taker_side": "no", "ticker": "KXINX-26FEB24H1600-B6912", "trade_id": "c89623af-5b88-43c3-3d36-6371cd6a914a", "yes_price": 7, "yes_price_dollars": "0.0700"}
{"count": 10, "count_fp": "10.00", "created_time": "2026-02-24T20:05:04.571208Z", "no_price": 93, "no_price_dollars": "0.9300", "price": 0.07, "taker_side": "no", "ticker": "KXINX-26FEB24H1600-B6912", "trade_id": "8225573c-a510-4c09-0db6-32962a5fdb45", "yes_price": 7, "yes_price_dollars": "0.0700"}
{"count": 234, "count_fp": "234.00", "created_time": "2026-02-24T20:00:53.516301Z", "no_price": 84, "no_price_dollars": "0.8400", "price": 0.16, "taker_side": "yes", "ticker": "KXINX-26FEB24H1600-B6912", "trade_id": "eded185e-8e9d-602c-901f-5003296355a9", "yes_price": 16, "yes_price_dollars": "0.1600"}
{"count": 10, "count_fp": "10.00", "created_time": "2026-02-24T20:00:53.516301Z", "no_price": 87, "no_price_dollars": "0.8700", "price": 0.13, "taker_side": "yes", "ticker": "KXINX-26FEB24H1600-B6912", "trade_id": "992d1d57-e4fa-621d-99cf-522860ee8417", "yes_price": 13, "yes_price_dollars": "0.1300"}
{"count": 10, "count_fp": "10.00", "created_time": "2026-02-24T19:54:25.42374Z", "no_price": 86, "no_price_dollars": "0.8600", "price": 0.14, "taker_side": "no", "ticker": "KXINX-26FEB24H1600-B6912", "trade_id": "5761ccc3-f278-79ed-6e1b-8a38e8de9a52", "yes_price": 14, "yes_price_dollars": "0.1400"}
{"count": 10, "count_fp": "10.00", "created_time": "2026-02-24T19:52:31.43532Z", "no_price": 84, "no_price_dollars": "0.8400", "price": 0.16, "taker_side": "yes", "ticker": "KXINX-26FEB24H1600-B6912", "trade_id": "b2fa8078-b3d8-5352-149d-f9426e9e9034", "yes_price": 16, "yes_price_dollars": "0.1600"}
{"count": 2, "count_fp": "2.00", "created_time": "2026-02-24T19:47:36.076672Z", "no_price": 87, "no_price_dollars": "0.8700", "price": 0.13, "taker_side": "no", "ticker": "KXINX-26FEB24H1600-B6912", "trade_id": "0a3290a5-c876-450d-2f59-a7b4dd5ba26b", "yes_price": 13, "yes_price_dollars": "0.1300"}
{"count": 6, "count_fp": "6.00", "created_time": "2026-02-24T19:37:49.313211Z", "no_price": 89, "no_price_dollars": "0.8900", "price": 0.11, "taker_side": "yes", "ticker": "KXINX-26FEB24H1600-B6912", "trade_id": "90e871eb-a221-64d9-e53b-dfd6817b312e", "yes_price": 11, "yes_price_dollars": "0.1100"}
{"count": 214, "count_fp": "214.00", "created_time": "2026-02-24T19:37:49.313211Z", "no_price": 89, "no_price_dollars": "0.8900", "price": 0.11, "taker_side": "yes", "ticker": "KXINX-26FEB24H1600-B6912", "trade_id": "1612e3d6-3b81-600d-cc99-b2a906d91e4f", "yes_price": 11, "yes_price_dollars": "0.1100"}
{"count": 6, "count_fp": "6.00", "created_time": "2026-02-24T19:35:15.474408Z", "no_price": 90, "no_price_dollars": "0.9000", "price": 0.1, "taker_side": "yes", "ticker": "KXINX-26FEB24H1600-B6912", "trade_id": "65f63afa-2451-5e81-eba1-9f00e97d4d83", "yes_price": 10, "yes_price_dollars": "0.1000"}
{"count": 4, "count_fp": "4.00", "created_time": "2026-02-24T19:30:28.510401Z", "no_price": 88, "no_price_dollars": "0.8800", "price": 0.12, "taker_side": "yes", "ticker": "KXINX-26FEB24H1600-B6912", "trade_id": "60735c44-0851-53e5-a05f-ad265cddd97a", "yes_price": 12, "yes_price_dollars": "0.1200"}
{"count": 10, "count_fp": "10.00", "created_time": "2026-02-24T19:28:02.493676Z", "no_price": 88, "no_price_dollars": "0.8800", "price": 0.12, "taker_side": "yes", "ticker": "KXINX-26FEB24H1600-B6912", "trade_id": "44838596-8b91-594d-6960-ad426cab483c", "yes_price": 12, "yes_price_dollars": "0.1200"}
{"count": 3, "count_fp": "3.00", "created_time": "2026-02-24T19:21:04.861797Z", "no_price": 86, "no_price_dollars": "0.8600", "price": 0.14, "taker_side": "no", "ticker": "KXINX-26FEB24H1600-B6912", "trade_id": "333b21c7-5ba4-5fbc-51fa-4f8eadc8e46f", "yes_price": 14, "yes_price_dollars": "0.1400"}
{"count": 9, "count_fp": "9.00", "created_time": "2026-02-24T19:17:27.462651Z", "no_price": 88, "no_price_dollars": "0.8800", "price": 0.12, "taker_side": "no", "ticker": "KXINX-26FEB24H1600-B6912", "trade_id": "2c94d215-24a5-5514-7d89-173edf7979e7", "yes_price": 12, "yes_price_dollars": "0.1200"}
{"count": 1, "count_fp": "1.00", "created_time": "2026-02-24T19:16:29.024878Z", "no_price": 87, "no_price_dollars": "0.8700", "price": 0.13, "taker_side": "no", "ticker": "KXINX-26FEB24H1600-B6912", "trade_id": "04541fff-9a2d-6164-63a5-de6c5dd14e07", "yes_price": 13, "yes_price_dollars": "0.1300"}
{"count": 10, "count_fp": "10.00", "created_time": "2026-02-24T19:12:27.679743Z", "no_price": 82, "no_price_dollars": "0.8200", "price": 0.18, "taker_side": "yes", "ticker": "KXINX-26FEB24H1600-B6912", "trade_id": "42bc68cc-efdf-6593-d0ab-4097b4ae860c", "yes_price": 18, "yes_price_dollars": "0.1800"}
{"count": 10, "count_fp": "10.00", "created_time": "2026-02-24T18:50:08.066005Z", "no_price": 69, "no_price_dollars": "0.6900", "price": 0.31, "taker_side": "yes", "ticker": "KXINX-26FEB24H1600-B6912", "trade_id": "0a1c5c6e-5638-693a-ecd2-cf1bd88e3579", "yes_price": 31, "yes_price_dollars": "0.3100"}
{"count": 10, "count_fp": "10.00", "created_time": "2026-02-24T18:48:12.649647Z", "no_price": 72, "no_price_dollars": "0.7200", "price": 0.28, "taker_side": "no", "ticker": "KXINX-26FEB24H1600-B6912", "trade_id": "e4f9d58a-e0a4-5380-5e8a-63ed929cd669", "yes_price": 28, "yes_price_dollars": "0.2800"}
{"count": 10, "count_fp": "10.00", "created_time": "2026-02-24T18:46:26.881333Z", "no_price": 66, "no_price_dollars": "0.6600", "price": 0.34, "taker_side": "no", "ticker": "KXINX-26FEB24H1600-B6912", "trade_id": "31ae695b-ba52-5ad7-443b-0d4606842123", "yes_price": 34, "yes_price_dollars": "0.3400"}
{"count": 10, "count_fp": "10.00", "created_time": "2026-02-24T18:44:29.675362Z", "no_price": 66, "no_price_dollars": "0.6600", "price": 0.34, "taker_side": "no", "ticker": "KXINX-26FEB24H1600-B6912", "trade_id": "2929cad7-be34-5c83-5891-5a75c178f788", "yes_price": 34, "yes_price_dollars": "0.3400"}
{"count": 10, "count_fp": "10.00", "created_time": "2026-02-24T18:40:50.385816Z", "no_price": 67, "no_price_dollars": "0.6700", "price": 0.33, "taker_side": "no", "ticker": "KXINX-26FEB24H1600-B6912", "trade_id": "55f2e971-97ed-5122-65e2-f6290012dd05", "yes_price": 33, "yes_price_dollars": "0.3300"}
{"count": 10, "count_fp": "10.00", "created_time": "2026-02-24T18:37:47.169066Z", "no_price": 70, "no_price_dollars": "0.7000", "price": 0.3, "taker_side": "yes", "ticker": "KXINX-26FEB24H1600-B6912", "trade_id": "cf603a15-905d-66a2-e78a-d8e25b99a520", "yes_price": 30, "yes_price_dollars": "0.3000"}
{"count": 10, "count_fp": "10.00", "created_time": "2026-02-24T18:37:21.524769Z", "no_price": 73, "no_price_dollars": "0.7300", "price": 0.27, "taker_side": "yes", "ticker": "KXINX-26FEB24H1600-B6912", "trade_id": "3a34b13d-8a46-61b8-dddc-7f99df98101f", "yes_price": 27, "yes_price_dollars": "0.2700"}
{"count": 10, "count_fp": "10.00", "created_time": "2026-02-24T18:35:43.42042Z", "no_price": 75, "no_price_dollars": "0.7500", "price": 0.25, "taker_side": "yes", "ticker": "KXINX-26FEB24H1600-B6912", "trade_id": "b188d372-80c6-6843-d71d-dba82c8ff2e4", "yes_price": 25, "yes_price_dollars": "0.2500"}
{"count": 26, "count_fp": "26.00", "created_time": "2026-02-24T18:32:31.47796Z", "no_price": 74, "no_price_dollars": "0.7400", "price": 0.26, "taker_side": "yes", "ticker": "KXINX-26FEB24H1600-B6912", "trade_id": "e85a22c7-a25d-7015-7db8-35b0511b67e7", "yes_price": 26, "yes_price_dollars": "0.2600"}
{"count": 10, "count_fp": "10.00", "created_time": "2026-02-24T18:31:27.221457Z", "no_price": 78, "no_price_dollars": "0.7800", "price": 0.22, "taker_side": "yes", "ticker": "KXINX-26FEB24H1600-B6912", "trade_id": "248dbff6-0ea6-6d5c-d8b8-47008ff80811", "yes_price": 22, "yes_price_dollars": "0.2200"}
{"count": 10, "count_fp": "10.00", "created_time": "2026-02-24T18:28:25.771873Z", "no_price": 78, "no_price_dollars": "0.7800", "price": 0.22, "taker_side": "no", "ticker": "KXINX-26FEB24H1600-B6912", "trade_id": "de56404d-16d7-5601-6f77-4db0c4d1a5fb", "yes_price": 22, "yes_price_dollars": "0.2200"}
{"count": 10, "count_fp": "10.00", "created_time": "2026-02-24T18:20:29.350928Z", "no_price": 75, "no_price_dollars": "0.7500", "price": 0.25, "taker_side": "no", "ticker": "KXINX-26FEB24H1600-B6912", "trade_id": "b39df272-7d12-5e75-6960-7a9557f66241", "yes_price": 25, "yes_price_dollars": "0.2500"}
{"count": 10, "count_fp": "10.00", "created_time": "2026-02-24T18:06:54.59384Z", "no_price": 64, "no_price_dollars": "0.6400", "price": 0.36, "taker_side": "no", "ticker": "KXINX-26FEB24H1600-B6912", "trade_id": "22fba175-0b8a-5756-53f0-d42a6377ed52", "yes_price": 36, "yes_price_dollars": "0.3600"}
{"count": 10, "count_fp": "10.00", "created_time": "2026-02-24T18:06:25.158504Z", "no_price": 62, "no_price_dollars": "0.6200", "price": 0.38, "taker_side": "no", "ticker": "KXINX-26FEB24H1600-B6912", "trade_id": "ff36116a-6df4-5abe-4887-81805585fbb0", "yes_price": 38, "yes_price_dollars": "0.3800"}
{"count": 10, "count_fp": "10.00", "created_time": "2026-02-24T17:56:38.732356Z", "no_price": 70, "no_price_dollars": "0.7000", "price": 0.3, "taker_side": "yes", "ticker": "KXINX-26FEB24H1600-B6912", "trade_id": "fd396e86-a665-61a7-e167-13fb98081d42", "yes_price": 30, "yes_price_dollars": "0.3000"}
{"count": 5, "count_fp": "5.00", "created_time": "2026-02-24T17:56:38.732356Z", "no_price": 70, "no_price_dollars": "0.7000", "price": 0.3, "taker_side": "yes", "ticker": "KXINX-26FEB24H1600-B6912", "trade_id": "19c8bc1e-37f9-632e-fe65-5e98a0e3f464", "yes_price": 30, "yes_price_dollars": "0.3000"}
{"count": 10, "count_fp": "10.00", "created_time": "2026-02-24T17:54:23.82436Z", "no_price": 68, "no_price_dollars": "0.6800", "price": 0.32, "taker_side": "no", "ticker": "KXINX-26FEB24H1600-B6912", "trade_id": "e5e88678-33a0-5b6b-4470-aba231f2e1cb", "yes_price": 32, "yes_price_dollars": "0.3200"}
{"count": 10, "count_fp": "10.00", "created_time": "2026-02-24T17:48:49.970839Z", "no_price": 70, "no_price_dollars": "0.7000", "price": 0.3, "taker_side": "yes", "ticker": "KXINX-26FEB24H1600-B6912", "trade_id": "d01cf44a-3c01-676c-f368-c74af4766f55", "yes_price": 30, "yes_price_dollars": "0.3000"}
{"count": 6, "count_fp": "6.00", "created_time": "2026-02-24T17:48:45.086718Z", "no_price": 72, "no_price_dollars": "0.7200", "price": 0.28, "taker_side": "yes", "ticker": "KXINX-26FEB24H1600-B6912", "trade_id": "b9aacf79-3657-6267-9820-6162afc66e91", "yes_price": 28, "yes_price_dollars": "0.2800"}
{"count": 11, "count_fp": "11.00", "created_time": "2026-02-24T17:45:20.671304Z", "no_price": 73, "no_price_dollars": "0.7300", "price": 0.27, "taker_side": "no", "ticker": "KXINX-26FEB24H1600-B6912", "trade_id": "e7fe7b27-f517-4629-03d2-9a0c1a72f50a", "yes_price": 27, "yes_price_dollars": "0.2700"}
{"count": 10, "count_fp": "10.00", "created_time": "2026-02-24T17:30:30.232814Z", "no_price": 67, "no_price_dollars": "0.6700", "price": 0.33, "taker_side": "no", "ticker": "KXINX-26FEB24H1600-B6912", "trade_id": "523c44d9-1396-4142-ba5c-9fbf6ef7a2a1", "yes_price": 33, "yes_price_dollars": "0.3300"}
{"count": 100, "count_fp": "100.00", "created_time": "2026-02-24T17:27:10.136567Z", "no_price": 64, "no_price_dollars": "0.6400", "price": 0.36, "taker_side": "yes", "ticker": "KXINX-26FEB24H1600-B6912", "trade_id": "5dad7522-2bc8-7ed2-630a-183192bca187", "yes_price": 36, "yes_price_dollars": "0.3600"}
{"count": 12, "count_fp": "12.00", "created_time": "2026-02-24T17:21:59.228078Z", "no_price": 63, "no_price_dollars": "0.6300", "price": 0.37, "taker_side": "yes", "ticker": "KXINX-26FEB24H1600-B6912", "trade_id": "93e72d2b-8a2f-40f8-603c-13be39feedbe", "yes_price": 37, "yes_price_dollars": "0.3700"}
{"count": 10, "count_fp": "10.00", "created_time": "2026-02-24T17:21:59.228078Z", "no_price": 64, "no_price_dollars": "0.6400", "price": 0.36, "taker_side": "yes", "ticker": "KXINX-26FEB24H1600-B6912", "trade_id": "3eb2eb4b-cf7c-4d75-5652-cd4d9762a9eb", "yes_price": 36, "yes_price_dollars": "0.3600"}
{"count": 57, "count_fp": "57.00", "created_time": "2026-02-24T17:21:59.228078Z", "no_price": 63, "no_price_dollars": "0.6300", "price": 0.37, "taker_side": "yes", "ticker": "KXINX-26FEB24H1600-B6912", "trade_id": "06557121-3904-4cfe-405a-159e5faddb45", "yes_price": 37, "yes_price_dollars": "0.3700"}
{"count": 2, "count_fp": "2.00", "created_time": "2026-02-24T17:21:11.845755Z", "no_price": 68, "no_price_dollars": "0.6800", "price": 0.32, "taker_side": "yes", "ticker": "KXINX-26FEB24H1600-B6912", "trade_id": "aae9894f-3fd9-74e1-407f-373378c97029", "yes_price": 32, "yes_price_dollars": "0.3200"}
{"count": 10, "count_fp": "10.00", "created_time": "2026-02-24T17:17:02.073523Z", "no_price": 66, "no_price_dollars": "0.6600", "price": 0.34, "taker_side": "no", "ticker": "KXINX-26FEB24H1600-B6912", "trade_id": "1e93f717-48b2-4cdf-a121-8ce722a418a6", "yes_price": 34, "yes_price_dollars": "0.3400"}
{"count": 10, "count_fp": "10.00", "created_time": "2026-02-24T17:12:02.905202Z", "no_price": 68, "no_price_dollars": "0.6800", "price": 0.32, "taker_side": "yes", "ticker": "KXINX-26FEB24H1600-B6912", "trade_id": "98993308-e837-58aa-1a7b-e850d7a6ba4a", "yes_price": 32, "yes_price_dollars": "0.3200"}
{"count": 12, "count_fp": "12.00", "created_time": "2026-02-24T17:11:46.450508Z", "no_price": 69, "no_price_dollars": "0.6900", "price": 0.31, "taker_side": "yes", "ticker": "KXINX-26FEB24H1600-B6912", "trade_id": "9ca33506-6bdc-5e50-350a-c39482b31b5d", "yes_price": 31, "yes_price_dollars": "0.3100"}
{"count": 10, "count_fp": "10.00", "created_time": "2026-02-24T17:10:31.021612Z", "no_price": 73, "no_price_dollars": "0.7300", "price": 0.27, "taker_side": "yes", "ticker": "KXINX-26FEB24H1600-B6912", "trade_id": "45926956-535e-5a84-01ee-f9c8b2eb3918", "yes_price": 27, "yes_price_dollars": "0.2700"}
{"count": 10, "count_fp": "10.00", "created_time": "2026-02-24T17:10:07.188383Z", "no_price": 74, "no_price_dollars": "0.7400", "price": 0.26, "taker_side": "yes", "ticker": "KXINX-26FEB24H1600-B6912", "trade_id": "c48cb190-f19f-50a3-00da-8cd18d46f745", "yes_price": 26, "yes_price_dollars": "0.2600"}
{"count": 10, "count_fp": "10.00", "created_time": "2026-02-24T17:09:46.933741Z", "no_price": 78, "no_price_dollars": "0.7800", "price": 0.22, "taker_side": "yes", "ticker": "KXINX-26FEB24H1600-B6912", "trade_id": "1f2b44a5-122b-592a-0803-6045ea7b76f0", "yes_price": 22, "yes_price_dollars": "0.2200"}
{"count": 10, "count_fp": "10.00", "created_time": "2026-02-24T16:15:49.871031Z", "no_price": 77, "no_price_dollars": "0.7700", "price": 0.23, "taker_side": "no", "ticker": "KXINX-26FEB24H1600-B6912", "trade_id": "5e41df37-54d5-7ab1-b0cb-a842d9d57e76", "yes_price": 23, "yes_price_dollars": "0.2300"}
{"count": 10, "count_fp": "10.00", "created_time": "2026-02-24T15:58:05.626162Z", "no_price": 93, "no_price_dollars": "0.9300", "price": 0.07, "taker_side": "no", "ticker": "KXINX-26FEB24H1600-B6912", "trade_id": "3b64c99c-bcdc-47c4-9ce8-de21f552087d", "yes_price": 7, "yes_price_dollars": "0.0700"}
{"count": 10, "count_fp": "10.00", "created_time": "2026-02-24T15:44:24.927146Z", "no_price": 78, "no_price_dollars": "0.7800", "price": 0.22, "taker_side": "yes", "ticker": "KXINX-26FEB24H1600-B6912", "trade_id": "e1b8fc0d-63b8-47ff-57cd-1510dd70e8dd", "yes_price": 22, "yes_price_dollars": "0.2200"}
{"count": 1, "count_fp": "1.00", "created_time": "2026-02-24T15:44:24.927146Z", "no_price": 78, "no_price_dollars": "0.7800", "price": 0.22, "taker_side": "yes", "ticker": "KXINX-26FEB24H1600-B6912", "trade_id": "13a28b90-fc08-4ff2-4be2-b930a460d392", "yes_price": 22, "yes_price_dollars": "0.2200"}
{"count": 10, "count_fp": "10.00", "created_time": "2026-02-24T15:43:52.079834Z", "no_price": 79, "no_price_dollars": "0.7900", "price": 0.21, "taker_side": "yes", "ticker": "KXINX-26FEB24H1600-B6912", "trade_id": "a4284b8f-48e3-432b-6ee5-22d4e520f7ef", "yes_price": 21, "yes_price_dollars": "0.2100"}
{"count": 10, "count_fp": "10.00", "created_time": "2026-02-24T15:28:32.034759Z", "no_price": 79, "no_price_dollars": "0.7900", "price": 0.21, "taker_side": "yes", "ticker": "KXINX-26FEB24H1600-B6912", "trade_id": "9c4802c1-8dd7-5e1c-79d0-051e3c546acd", "yes_price": 21, "yes_price_dollars": "0.2100"}
{"count": 3, "count_fp": "3.00", "created_time": "2026-02-24T20:59:52.425557Z", "no_price": 1, "no_price_dollars": "0.0100", "price": 0.99, "taker_side": "yes", "ticker": "KXINX-26FEB24H1600-B6887", "trade_id": "afe4491f-6bea-7bb3-9b06-957e5acb8594", "yes_price": 99, "yes_price_dollars": "0.9900"}
{"count": 240, "count_fp": "240.00", "created_time": "2026-02-24T20:59:52.425557Z", "no_price": 1, "no_price_dollars": "0.0100", "price": 0.99, "taker_side": "yes", "ticker": "KXINX-26FEB24H1600-B6887", "trade_id": "a73d3f90-55cc-7da1-b5ca-ab583790d6b8", "yes_price": 99, "yes_price_dollars": "0.9900"}
{"count": 90, "count_fp": "90.00", "created_time": "2026-02-24T20:58:51.724489Z", "no_price": 1, "no_price_dollars": "0.0100", "price": 0.99, "taker_side": "yes", "ticker": "KXINX-26FEB24H1600-B6887", "trade_id": "8da8f967-8160-729d-51ab-bebc9bd48c38", "yes_price": 99, "yes_price_dollars": "0.9900"}
{"count": 11, "count_fp": "11.00", "created_time": "2026-02-24T20:58:23.209659Z", "no_price": 1, "no_price_dollars": "0.0100", "price": 0.99, "taker_side": "yes", "ticker": "KXINX-26FEB24H1600-B6887", "trade_id": "eb712cd4-66b0-546d-a636-73715015c7ec", "yes_price": 99, "yes_price_dollars": "0.9900"}
{"count": 9, "count_fp": "9.00", "created_time": "2026-02-24T20:57:48.127559Z", "no_price": 1, "no_price_dollars": "0.0100", "price": 0.99, "taker_side": "yes", "ticker": "KXINX-26FEB24H1600-B6887", "trade_id": "cf5cdb03-b4e4-41bd-12ad-e45252313274", "yes_price": 99, "yes_price_dollars": "0.9900"}
{"count": 1, "count_fp": "1.00", "created_time": "2026-02-24T20:57:48.127559Z", "no_price": 1, "no_price_dollars": "0.0100", "price": 0.99, "taker_side": "yes", "ticker": "KXINX-26FEB24H1600-B6887", "trade_id": "b8cc1ead-6a04-405c-0ffe-fbc5f4d6f4dc", "yes_price": 99, "yes_price_dollars": "0.9900"}
{"count": 20, "count_fp": "20.00", "created_time": "2026-02-24T20:57:24.552114Z", "no_price": 3, "no_price_dollars": "0.0300", "price": 0.97, "taker_side": "no", "ticker": "KXINX-26FEB24H1600-B6887", "trade_id": "6058eb17-6268-4556-6b40-dea5aa5e8936", "yes_price": 97, "yes_price_dollars": "0.9700"}
{"count": 5, "count_fp": "5.00", "created_time": "2026-02-24T20:57:08.152959Z", "no_price": 3, "no_price_dollars": "0.0300", "price": 0.97, "taker_side": "no", "ticker": "KXINX-26FEB24H1600-B6887", "trade_id": "7069bb55-75d7-75dd-ec05-f3a9c34235fb", "yes_price": 97, "yes_price_dollars": "0.9700"}
{"count": 10, "count_fp": "10.00", "created_time": "2026-02-24T20:57:05.269002Z", "no_price": 3, "no_price_dollars": "0.0300", "price": 0.97, "taker_side": "yes", "ticker": "KXINX-26FEB24H1600-B6887", "trade_id": "40b673e1-b4c5-42a9-26f4-9ded0586e10f", "yes_price": 97, "yes_price_dollars": "0.9700"}
{"count": 5, "count_fp": "5.00", "created_time": "2026-02-24T20:56:52.183147Z", "no_price": 3, "no_price_dollars": "0.0300", "price": 0.97, "taker_side": "yes", "ticker": "KXINX-26FEB24H1600-B6887", "trade_id": "be122a6a-e18d-79b8-0fce-ede179792a82", "yes_price": 97, "yes_price_dollars": "0.9700"}
{"count": 5, "count_fp": "5.00", "created_time": "2026-02-24T20:56:52.183147Z", "no_price": 4, "no_price_dollars": "0.0400", "price": 0.96, "taker_side": "yes", "ticker": "KXINX-26FEB24H1600-B6887", "trade_id": "246fc149-77b4-79a5-3d60-3a1956a07018", "yes_price": 96, "yes_price_dollars": "0.9600"}
{"count": 10, "count_fp": "10.00", "created_time": "2026-02-24T20:56:42.10314Z", "no_price": 4, "no_price_dollars": "0.0400", "price": 0.96, "taker_side": "no", "ticker": "KXINX-26FEB24H1600-B6887", "trade_id": "e32946c1-4cad-7e15-4bab-4b62c544638c", "yes_price": 96, "yes_price_dollars": "0.9600"}
{"count": 10, "count_fp": "10.00", "created_time": "2026-02-24T20:55:29.060062Z", "no_price": 4, "no_price_dollars": "0.0400", "price": 0.96, "taker_side": "yes", "ticker": "KXINX-26FEB24H1600-B6887", "trade_id": "a6f389b2-7ab5-7fc1-4987-d8ff7e770ba7", "yes_price": 96, "yes_price_dollars": "0.9600"}
{"count": 4, "count_fp": "4.00", "created_time": "2026-02-24T20:55:08.529072Z", "no_price": 4, "no_price_dollars": "0.0400", "price": 0.96, "taker_side": "no", "ticker": "KXINX-26FEB24H1600-B6887", "trade_id": "ef5e0fb1-d556-5c83-7e7c-e78b12c36f22", "yes_price": 96, "yes_price_dollars": "0.9600"}
{"count": 56, "count_fp": "56.00", "created_time": "2026-02-24T20:55:04.723291Z", "no_price": 6, "no_price_dollars": "0.0600", "price": 0.94, "taker_side": "no", "ticker": "KXINX-26FEB24H1600-B6887", "trade_id": "3d0c2150-bcdd-6c0f-d49b-5e95ac894f82", "yes_price": 94, "yes_price_dollars": "0.9400"}
{"count": 8, "count_fp": "8.00", "created_time": "2026-02-24T20:55:03.504629Z", "no_price": 8, "no_price_dollars": "0.0800", "price": 0.92, "taker_side": "no", "ticker": "KXINX-26FEB24H1600-B6887", "trade_id": "6ee79417-44e4-432a-1c08-9c187e95488d", "yes_price": 92, "yes_price_dollars": "0.9200"}
{"count": 8, "count_fp": "8.00", "created_time": "2026-02-24T20:55:01.60671Z", "no_price": 8, "no_price_dollars": "0.0800", "price": 0.92, "taker_side": "no", "ticker": "KXINX-26FEB24H1600-B6887", "trade_id": "b26fd1ac-7c76-52e2-1bc0-380fb29bad35", "yes_price": 92, "yes_price_dollars": "0.9200"}
{"count": 10, "count_fp": "10.00", "created_time": "2026-02-24T20:55:00.677939Z", "no_price": 11, "no_price_dollars": "0.1100", "price": 0.89, "taker_side": "yes", "ticker": "KXINX-26FEB24H1600-B6887", "trade_id": "0ff097e4-3c4f-5ba2-6c30-05721e40d1ca", "yes_price": 89, "yes_price_dollars": "0.8900"}
{"count": 17, "count_fp": "17.00", "created_time": "2026-02-24T20:55:00.177586Z", "no_price": 12, "no_price_dollars": "0.1200", "price": 0.88, "taker_side": "yes", "ticker": "KXINX-26FEB24H1600-B6887", "trade_id": "f07c7004-3c09-5692-364f-a987dd770e9f", "yes_price": 88, "yes_price_dollars": "0.8800"}
{"count": 10, "count_fp": "10.00", "created_time": "2026-02-24T20:54:45.171079Z", "no_price": 12, "no_price_dollars": "0.1200", "price": 0.88, "taker_side": "no", "ticker": "KXINX-26FEB24H1600-B6887", "trade_id": "8395dbcf-3d7f-6a86-f952-a168a3c0bffd", "yes_price": 88, "yes_price_dollars": "0.8800"}
{"count": 2, "count_fp": "2.00", "created_time": "2026-02-24T20:54:24.91991Z", "no_price": 9, "no_price_dollars": "0.0900", "price": 0.91, "taker_side": "yes", "ticker": "KXINX-26FEB24H1600-B6887", "trade_id": "eb40bda7-dab7-7101-1513-9b543f192d79", "yes_price": 91, "yes_price_dollars": "0.9100"}
{"count": 2, "count_fp": "2.00", "created_time": "2026-02-24T20:54:24.91991Z", "no_price": 12, "no_price_dollars": "0.1200", "price": 0.88, "taker_side": "yes", "ticker": "KXINX-26FEB24H1600-B6887", "trade_id": "a5ac29ef-e57e-7308-3b44-32eaca4ffa65", "yes_price": 88, "yes_price_dollars": "0.8800"}
{"count": 2, "count_fp": "2.00", "created_time": "2026-02-24T20:54:13.922736Z", "no_price": 12, "no_price_dollars": "0.1200", "price": 0.88, "taker_side": "yes", "ticker": "KXINX-26FEB24H1600-B6887", "trade_id": "7859dfbf-abaf-51a1-93fb-96167ccf5f3d", "yes_price": 88, "yes_price_dollars": "0.8800"}
{"count": 6, "count_fp": "6.00", "created_time": "2026-02-24T20:54:13.555406Z", "no_price": 12, "no_price_dollars": "0.1200", "price": 0.88, "taker_side": "yes", "ticker": "KXINX-26FEB24H1600-B6887", "trade_id": "cdffdcb7-6604-4ecc-a54d-0dc90511fac6", "yes_price": 88, "yes_price_dollars": "0.8800"}
{"count": 10, "count_fp": "10.00", "created_time": "2026-02-24T20:54:10.219203Z", "no_price": 9, "no_price_dollars": "0.0900", "price": 0.91, "taker_side": "no", "ticker": "KXINX-26FEB24H1600-B6887", "trade_id": "be13fc2f-3c07-635b-5f81-e00d66e320c5", "yes_price": 91, "yes_price_dollars": "0.9100"}
{"count": 10, "count_fp": "10.00", "created_time": "2026-02-24T20:52:27.238395Z", "no_price": 13, "no_price_dollars": "0.1300", "price": 0.87, "taker_side": "yes", "ticker": "KXINX-26FEB24H1600-B6887", "trade_id": "a71a35cf-527d-60bb-0430-7176731b557b", "yes_price": 87, "yes_price_dollars": "0.8700"}
{"count": 10, "count_fp": "10.00", "created_time": "2026-02-24T20:52:07.213604Z", "no_price": 21, "no_price_dollars": "0.2100", "price": 0.79, "taker_side": "yes", "ticker": "KXINX-26FEB24H1600-B6887", "trade_id": "7aacfd39-10e1-6440-1242-f7ee2a0c118a", "yes_price": 79, "yes_price_dollars": "0.7900"}
{"count": 10, "count_fp": "10.00", "created_time": "2026-02-24T20:52:00.385143Z", "no_price": 25, "no_price_dollars": "0.2500", "price": 0.75, "taker_side": "yes", "ticker": "KXINX-26FEB24H1600-B6887", "trade_id": "44338cac-d1dd-4b5b-e704-379ec6118883", "yes_price": 75, "yes_price_dollars": "0.7500"}
{"count": 10, "count_fp": "10.00", "created_time": "2026-02-24T20:51:15.87791Z", "no_price": 25, "no_price_dollars": "0.2500", "price": 0.75, "taker_side": "yes", "ticker": "KXINX-26FEB24H1600-B6887", "trade_id": "57abb8fb-5fac-746b-7ffc-f96a4cb3f17d", "yes_price": 75, "yes_price_dollars": "0.7500"}
{"count": 1, "count_fp": "1.00", "created_time": "2026-02-24T20:50:38.230829Z", "no_price": 43, "no_price_dollars": "0.4300", "price": 0.57, "taker_side": "no", "ticker": "KXINX-26FEB24H1600-B6887", "trade_id": "65c6beee-94a6-555d-a41b-0cc64d6d7708", "yes_price": 57, "yes_price_dollars": "0.5700"}
{"count": 1, "count_fp": "1.00", "created_time": "2026-02-24T20:50:20.955993Z", "no_price": 28, "no_price_dollars": "0.2800", "price": 0.72, "taker_side": "no", "ticker": "KXINX-26FEB24H1600-B6887", "trade_id": "b3d4b380-2113-4298-6862-3f3893eee5f3", "yes_price": 72, "yes_price_dollars": "0.7200"}
{"count": 1, "count_fp": "1.00", "created_time": "2026-02-24T20:50:20.955993Z", "no_price": 28, "no_price_dollars": "0.2800", "price": 0.72, "taker_side": "no", "ticker": "KXINX-26FEB24H1600-B6887", "trade_id": "8a62342a-cade-4c1a-7883-f18d6704a753", "yes_price": 72, "yes_price_dollars": "0.7200"}
{"count": 5, "count_fp": "5.00", "created_time": "2026-02-24T20:50:13.163883Z", "no_price": 18, "no_price_dollars": "0.1800", "price": 0.82, "taker_side": "no", "ticker": "KXINX-26FEB24H1600-B6887", "trade_id": "9298a733-4eb0-5d3f-e29e-6fd3ef73a2b8", "yes_price": 82, "yes_price_dollars": "0.8200"}
{"count": 20, "count_fp": "20.00", "created_time": "2026-02-24T20:49:50.441257Z", "no_price": 8, "no_price_dollars": "0.0800", "price": 0.92, "taker_side": "yes", "ticker": "KXINX-26FEB24H1600-B6887", "trade_id": "5ab8ede0-88e3-6bb5-8f51-64978f32d00a", "yes_price": 92, "yes_price_dollars": "0.9200"}
{"count": 20, "count_fp": "20.00", "created_time": "2026-02-24T20:48:59.96676Z", "no_price": 9, "no_price_dollars": "0.0900", "price": 0.91, "taker_side": "yes", "ticker": "KXINX-26FEB24H1600-B6887", "trade_id": "153448c2-8b93-553d-b563-b204cb408266", "yes_price": 91, "yes_price_dollars": "0.9100"}
{"count": 5, "count_fp": "5.00", "created_time": "2026-02-24T20:48:36.140352Z", "no_price": 10, "no_price_dollars": "0.1000", "price": 0.9, "taker_side": "no", "ticker": "KXINX-26FEB24H1600-B6887", "trade_id": "5f4193f8-435e-74b3-06b6-c3214c7a304d", "yes_price": 90, "yes_price_dollars": "0.9000"}
{"count": 10, "count_fp": "10.00", "created_time": "2026-02-24T20:48:04.651476Z", "no_price": 7, "no_price_dollars": "0.0700", "price": 0.93, "taker_side": "yes", "ticker": "KXINX-26FEB24H1600-B6887", "trade_id": "2ddd27c4-e08d-564c-7e46-9beaf1257f1f", "yes_price": 93, "yes_price_dollars": "0.9300"}
{"count": 10, "count_fp": "10.00", "created_time": "2026-02-24T20:47:37.813144Z", "no_price": 8, "no_price_dollars": "0.0800", "price": 0.92, "taker_side": "no", "ticker": "KXINX-26FEB24H1600-B6887", "trade_id": "f8cf9cdf-5094-6680-f405-5edab44cdbe9", "yes_price": 92, "yes_price_dollars": "0.9200"}
{"count": 2, "count_fp": "2.00", "created_time": "2026-02-24T20:47:37.813144Z", "no_price": 8, "no_price_dollars": "0.0800", "price": 0.92, "taker_side": "no", "ticker": "KXINX-26FEB24H1600-B6887", "trade_id": "dc2ae52c-9575-66fd-d8d3-53a9ccd4a469", "yes_price": 92, "yes_price_dollars": "0.9200"}
{"count": 3, "count_fp": "3.00", "created_time": "2026-02-24T20:46:56.594106Z", "no_price": 8, "no_price_dollars": "0.0800", "price": 0.92, "taker_side": "no", "ticker": "KXINX-26FEB24H1600-B6887", "trade_id": "e2d02b70-6fbb-5103-a56d-a4fbe1d48728", "yes_price": 92, "yes_price_dollars": "0.9200"}
{"count": 10, "count_fp": "10.00", "created_time": "2026-02-24T20:46:56.594106Z", "no_price": 8, "no_price_dollars": "0.0800", "price": 0.92, "taker_side": "no", "ticker": "KXINX-26FEB24H1600-B6887", "trade_id": "2e007ae2-9d58-5bfc-891a-daab8b7f2cd8", "yes_price": 92, "yes_price_dollars": "0.9200"}
{"count": 50, "count_fp": "50.00", "created_time": "2026-02-24T20:46:28.795909Z", "no_price": 6, "no_price_dollars": "0.0600", "price": 0.94, "taker_side": "yes", "ticker": "KXINX-26FEB24H1600-B6887", "trade_id": "de6dabaf-6723-7f3d-8700-55bd80011ace", "yes_price": 94, "yes_price_dollars": "0.9400"}
{"count": 1, "count_fp": "1.00", "created_time": "2026-02-24T20:46:06.786945Z", "no_price": 8, "no_price_dollars": "0.0800", "price": 0.92, "taker_side": "no", "ticker": "KXINX-26FEB24H1600-B6887", "trade_id": "c8cdfe29-6fe9-678f-5438-5ad32d2afa1b", "yes_price": 92, "yes_price_dollars": "0.9200"}
{"count": 10, "count_fp": "10.00", "created_time": "2026-02-24T20:46:06.786945Z", "no_price": 8, "no_price_dollars": "0.0800", "price": 0.92, "taker_side": "no", "ticker": "KXINX-26FEB24H1600-B6887", "trade_id": "49c38086-ddc3-6a84-7323-fce7fa1c0e6f", "yes_price": 92, "yes_price_dollars": "0.9200"}
{"count": 10, "count_fp": "10.00", "created_time": "2026-02-24T20:44:41.11242Z", "no_price": 7, "no_price_dollars": "0.0700", "price": 0.93, "taker_side": "yes", "ticker": "KXINX-26FEB24H1600-B6887", "trade_id": "270bcc96-a0d0-6fca-2c51-189b975f5a68", "yes_price": 93, "yes_price_dollars": "0.9300"}
{"count": 9, "count_fp": "9.00", "created_time": "2026-02-24T20:44:41.11242Z", "no_price": 7, "no_price_dollars": "0.0700", "price": 0.93, "taker_side": "yes", "ticker": "KXINX-26FEB24H1600-B6887", "trade_id": "0ee70157-2357-6665-07f3-cf4ed34fe08e", "yes_price": 93, "yes_price_dollars": "0.9300"}
{"count": 10, "count_fp": "10.00", "created_time": "2026-02-24T20:43:51.148581Z", "no_price": 8, "no_price_dollars": "0.0800", "price": 0.92, "taker_side": "yes", "ticker": "KXINX-26FEB24H1600-B6887", "trade_id": "8e6189cd-3f2b-6789-44d0-f3ca5f25ce82", "yes_price": 92, "yes_price_dollars": "0.9200"}
{"count": 10, "count_fp": "10.00", "created_time": "2026-02-24T20:43:42.15082Z", "no_price": 8, "no_price_dollars": "0.0800", "price": 0.92, "taker_side": "yes", "ticker": "KXINX-26FEB24H1600-B6887", "trade_id": "1d411b2e-ceab-5cd9-8aff-f5888a27b0f2", "yes_price": 92, "yes_price_dollars": "0.9200"}
{"count": 10, "count_fp": "10.00", "created_time": "2026-02-24T20:43:25.322812Z", "no_price": 8, "no_price_dollars": "0.0800", "price": 0.92, "taker_side": "yes", "ticker": "KXINX-26FEB24H1600-B6887", "trade_id": "4527b253-7b07-4431-f3ee-57e87b62ba8c", "yes_price": 92, "yes_price_dollars": "0.9200"}
{"count": 10, "count_fp": "10.00", "created_time": "2026-02-24T20:42:29.875712Z", "no_price": 10, "no_price_dollars": "0.1000", "price": 0.9, "taker_side": "no", "ticker": "KXINX-26FEB24H1600-B6887", "trade_id": "6e6ca737-f547-6fe4-e39b-228169c747df", "yes_price": 90, "yes_price_dollars": "0.9000"}
{"count": 35, "count_fp": "35.00", "created_time": "2026-02-24T20:42:25.559631Z", "no_price": 12, "no_price_dollars": "0.1200", "price": 0.88, "taker_side": "yes", "ticker": "KXINX-26FEB24H1600-B6887", "trade_id": "28c59aa3-5dba-7e9f-3060-e551e49aca67", "yes_price": 88, "yes_price_dollars": "0.8800"}
{"count": 100, "count_fp": "100.00", "created_time": "2026-02-24T20:41:51.646026Z", "no_price": 13, "no_price_dollars": "0.1300", "price": 0.87, "taker_side": "no", "ticker": "KXINX-26FEB24H1600-B6887", "trade_id": "3560c277-ffd6-5d16-9c86-f952a56cc657", "yes_price": 87, "yes_price_dollars": "0.8700"}
{"count": 10, "count_fp": "10.00", "created_time": "2026-02-24T20:39:09.415786Z", "no_price": 12, "no_price_dollars": "0.1200", "price": 0.88, "taker_side": "yes", "ticker": "KXINX-26FEB24H1600-B6887", "trade_id": "64879845-faea-6a5b-b93f-03f4b1f4649f", "yes_price": 88, "yes_price_dollars": "0.8800"}
{"count": 5, "count_fp": "5.00", "created_time": "2026-02-24T20:38:31.270366Z", "no_price": 12, "no_price_dollars": "0.1200", "price": 0.88, "taker_side": "yes", "ticker": "KXINX-26FEB24H1600-B6887", "trade_id": "fbd4d26d-92d6-571b-f379-c848c7a009f3", "yes_price": 88, "yes_price_dollars": "0.8800"}
{"count": 5, "count_fp": "5.00", "created_time": "2026-02-24T20:35:16.175138Z", "no_price": 13, "no_price_dollars": "0.1300", "price": 0.87, "taker_side": "yes", "ticker": "KXINX-26FEB24H1600-B6887", "trade_id": "adb04ce5-fb98-786f-1135-6e7ba1da4439", "yes_price": 87, "yes_price_dollars": "0.8700"}
{"count": 10, "count_fp": "10.00", "created_time": "2026-02-24T20:32:23.991672Z", "no_price": 19, "no_price_dollars": "0.1900", "price": 0.81, "taker_side": "yes", "ticker": "KXINX-26FEB24H1600-B6887", "trade_id": "ca81cb8b-8a3f-7516-4b0e-b862d6921ebc", "yes_price": 81, "yes_price_dollars": "0.8100"}
{"count": 5, "count_fp": "5.00", "created_time": "2026-02-24T20:29:44.280007Z", "no_price": 22, "no_price_dollars": "0.2200", "price": 0.78, "taker_side": "no", "ticker": "KXINX-26FEB24H1600-B6887", "trade_id": "9d61ed4f-969d-5456-1de8-f8d28dd4c0b5", "yes_price": 78, "yes_price_dollars": "0.7800"}
{"count": 5, "count_fp": "5.00", "created_time": "2026-02-24T20:26:19.765213Z", "no_price": 18, "no_price_dollars": "0.1800", "price": 0.82, "taker_side": "no", "ticker": "KXINX-26FEB24H1600-B6887", "trade_id": "39f3e90e-ca79-44c2-71e6-cb9dc2394729", "yes_price": 82, "yes_price_dollars": "0.8200"}
{"count": 5, "count_fp": "5.00", "created_time": "2026-02-24T20:24:13.177862Z", "no_price": 16, "no_price_dollars": "0.1600", "price": 0.84, "taker_side": "yes", "ticker": "KXINX-26FEB24H1600-B6887", "trade_id": "b833d58d-f1f2-536e-1310-9672ffd591ab", "yes_price": 84, "yes_price_dollars": "0.8400"}
{"count": 11, "count_fp": "11.00", "created_time": "2026-02-24T20:24:00.452971Z", "no_price": 16, "no_price_dollars": "0.1600", "price": 0.84, "taker_side": "yes", "ticker": "KXINX-26FEB24H1600-B6887", "trade_id": "82305295-3186-5436-c9a3-ae8bd1859a37", "yes_price": 84, "yes_price_dollars": "0.8400"}
{"count": 41, "count_fp": "41.00", "created_time": "2026-02-24T20:23:33.813958Z", "no_price": 16, "no_price_dollars": "0.1600", "price": 0.84, "taker_side": "yes", "ticker": "KXINX-26FEB24H1600-B6887", "trade_id": "2df34919-df81-5a5e-8749-222051e69171", "yes_price": 84, "yes_price_dollars": "0.8400"}
{"count": 19, "count_fp": "19.00", "created_time": "2026-02-24T20:23:33.813958Z", "no_price": 15, "no_price_dollars": "0.1500", "price": 0.85, "taker_side": "yes", "ticker": "KXINX-26FEB24H1600-B6887", "trade_id": "29299dfa-7ddb-58e5-9414-169a2bb51286", "yes_price": 85, "yes_price_dollars": "0.8500"}
{"count": 10, "count_fp": "10.00", "created_time": "2026-02-24T20:23:33.813958Z", "no_price": 15, "no_price_dollars": "0.1500", "price": 0.85, "taker_side": "yes", "ticker": "KXINX-26FEB24H1600-B6887", "trade_id": "00cc8702-68e8-5588-8577-de45a3d19f61", "yes_price": 85, "yes_price_dollars": "0.8500"}
{"count": 10, "count_fp": "10.00", "created_time": "2026-02-24T20:18:56.943101Z", "no_price": 23, "no_price_dollars": "0.2300", "price": 0.77, "taker_side": "yes", "ticker": "KXINX-26FEB24H1600-B6887", "trade_id": "7fee43e2-6970-7a57-5665-940ca6123417", "yes_price": 77, "yes_price_dollars": "0.7700"}
{"count": 8, "count_fp": "8.00", "created_time": "2026-02-24T20:18:54.321372Z", "no_price": 25, "no_price_dollars": "0.2500", "price": 0.75, "taker_side": "no", "ticker": "KXINX-26FEB24H1600-B6887", "trade_id": "0424bd3f-0132-7b5e-e200-dc87d207a55b", "yes_price": 75, "yes_price_dollars": "0.7500"}
{"count": 7, "count_fp": "7.00", "created_time": "2026-02-24T20:16:58.348098Z", "no_price": 27, "no_price_dollars": "0.2700", "price": 0.73, "taker_side": "no", "ticker": "KXINX-26FEB24H1600-B6887", "trade_id": "5712db4c-857a-5f6a-f201-957f6be3fd1f", "yes_price": 73, "yes_price_dollars": "0.7300"}
{"count": 58, "count_fp": "58.00", "created_time": "2026-02-24T20:14:52.006356Z", "no_price": 26, "no_price_dollars": "0.2600", "price": 0.74, "taker_side": "no", "ticker": "KXINX-26FEB24H1600-B6887", "trade_id": "d497acf8-ccde-7dda-ba1f-8e48a7b20253", "yes_price": 74, "yes_price_dollars": "0.7400"}
{"count": 17, "count_fp": "17.00", "created_time": "2026-02-24T20:14:52.006356Z", "no_price": 25, "no_price_dollars": "0.2500", "price": 0.75, "taker_side": "no", "ticker": "KXINX-26FEB24H1600-B6887", "trade_id": "67232e90-7144-797d-965e-b773771f2f86", "yes_price": 75, "yes_price_dollars": "0.7500"}
{"count": 10, "count_fp": "10.00", "created_time": "2026-02-24T20:12:35.873627Z", "no_price": 24, "no_price_dollars": "0.2400", "price": 0.76, "taker_side": "no", "ticker": "KXINX-26FEB24H1600-B6887", "trade_id": "5e280a5d-0c8a-7d08-6b53-f1db6b3ef811", "yes_price": 76, "yes_price_dollars": "0.7600"}
{"count": 2836, "count_fp": "2836.00", "created_time": "2026-02-24T20:12:35.47439Z", "no_price": 23, "no_price_dollars": "0.2300", "price": 0.77, "taker_side": "yes", "ticker": "KXINX-26FEB24H1600-B6887", "trade_id": "33932375-02af-465d-0fb3-0a9d5772f322", "yes_price": 77, "yes_price_dollars": "0.7700"}
{"count": 73, "count_fp": "73.00", "created_time": "2026-02-24T20:07:22.192393Z", "no_price": 22, "no_price_dollars": "0.2200", "price": 0.78, "taker_side": "no", "ticker": "KXINX-26FEB24H1600-B6887", "trade_id": "4c0f94d6-e9e2-6d7a-e845-79592587be0f", "yes_price": 78, "yes_price_dollars": "0.7800"}
{"count": 10, "count_fp": "10.00", "created_time": "2026-02-24T20:07:22.192393Z", "no_price": 21, "no_price_dollars": "0.2100", "price": 0.79, "taker_side": "no", "ticker": "KXINX-26FEB24H1600-B6887", "trade_id": "34ad3116-7c00-6865-fad0-1bbcc00bc206", "yes_price": 79, "yes_price_dollars": "0.7900"}
{"count": 10, "count_fp": "10.00", "created_time": "2026-02-24T20:05:59.160832Z", "no_price": 19, "no_price_dollars": "0.1900", "price": 0.81, "taker_side": "yes", "ticker": "KXINX-26FEB24H1600-B6887", "trade_id": "b09a24f0-ec64-720a-0a9b-43983691aa0e", "yes_price": 81, "yes_price_dollars": "0.8100"}
{"count": 99, "count_fp": "99.00", "created_time": "2026-02-24T20:05:59.160832Z", "no_price": 18, "no_price_dollars": "0.1800", "price": 0.82, "taker_side": "yes", "ticker": "KXINX-26FEB24H1600-B6887", "trade_id": "8b86f4c9-15d3-7d0d-1b6c-bf97af913cc6", "yes_price": 82, "yes_price_dollars": "0.8200"}
{"count": 10, "count_fp": "10.00", "created_time": "2026-02-24T20:03:43.352886Z", "no_price": 19, "no_price_dollars": "0.1900", "price": 0.81, "taker_side": "yes", "ticker": "KXINX-26FEB24H1600-B6887", "trade_id": "eba960b6-14f3-6842-43f8-d2ebe8cd86c6", "yes_price": 81, "yes_price_dollars": "0.8100"}
{"count": 87, "count_fp": "87.00", "created_time": "2026-02-24T20:03:43.352886Z", "no_price": 18, "no_price_dollars": "0.1800", "price": 0.82, "taker_side": "yes", "ticker": "KXINX-26FEB24H1600-B6887", "trade_id": "df6cc550-840f-6d91-6d6d-5e55d147ae2e", "yes_price": 82, "yes_price_dollars": "0.8200"}
{"count": 12, "count_fp": "12.00", "created_time": "2026-02-24T20:03:43.352886Z", "no_price": 19, "no_price_dollars": "0.1900", "price": 0.81, "taker_side": "yes", "ticker": "KXINX-26FEB24H1600-B6887", "trade_id": "96749860-5831-66cd-7221-8988aa327af2", "yes_price": 81, "yes_price_dollars": "0.8100"}
{"count": 10, "count_fp": "10.00", "created_time": "2026-02-24T19:16:20.465631Z", "no_price": 33, "no_price_dollars": "0.3300", "price": 0.67, "taker_side": "no", "ticker": "KXINX-26FEB24H1600-B6887", "trade_id": "f5db06d7-f222-4db5-4ef2-7422a329586b", "yes_price": 67, "yes_price_dollars": "0.6700"}
{"count": 47, "count_fp": "47.00", "created_time": "2026-02-24T19:16:20.465631Z", "no_price": 33, "no_price_dollars": "0.3300", "price": 0.67, "taker_side": "no", "ticker": "KXINX-26FEB24H1600-B6887", "trade_id": "7cb99ce8-1032-4678-6a5e-44e8fd109c47", "yes_price": 67, "yes_price_dollars": "0.6700"}
{"count": 202, "count_fp": "202.00", "created_time": "2026-02-24T19:12:10.051582Z", "no_price": 35, "no_price_dollars": "0.3500", "price": 0.65, "taker_side": "no", "ticker": "KXINX-26FEB24H1600-B6887", "trade_id": "62fbfae2-11e6-6a60-449b-152170d333af", "yes_price": 65, "yes_price_dollars": "0.6500"}
{"count": 10, "count_fp": "10.00", "created_time": "2026-02-24T19:12:10.051582Z", "no_price": 34, "no_price_dollars": "0.3400", "price": 0.66, "taker_side": "no", "ticker": "KXINX-26FEB24H1600-B6887", "trade_id": "1efbad1f-70b4-6304-42b5-0329d6cab8fd", "yes_price": 66, "yes_price_dollars": "0.6600"}
{"count": 184, "count_fp": "184.00", "created_time": "2026-02-24T19:05:54.204168Z", "no_price": 36, "no_price_dollars": "0.3600", "price": 0.64, "taker_side": "no", "ticker": "KXINX-26FEB24H1600-B6887", "trade_id": "a8a85ba7-a672-4d8c-8c76-42b6c6010c4f", "yes_price": 64, "yes_price_dollars": "0.6400"}
{"count": 10, "count_fp": "10.00", "created_time": "2026-02-24T19:05:54.204168Z", "no_price": 35, "no_price_dollars": "0.3500", "price": 0.65, "taker_side": "no", "ticker": "KXINX-26FEB24H1600-B6887", "trade_id": "34fe9fb8-7eb4-4ab7-b6ea-c0e7fcbc292f", "yes_price": 65, "yes_price_dollars": "0.6500"}
{"count": 17, "count_fp": "17.00", "created_time": "2026-02-24T19:05:54.204168Z", "no_price": 35, "no_price_dollars": "0.3500", "price": 0.65, "taker_side": "no", "ticker": "KXINX-26FEB24H1600-B6887", "trade_id": "06601871-2779-4997-91a1-1a04fb8316b6", "yes_price": 65, "yes_price_dollars": "0.6500"}
{"count": 31, "count_fp": "31.00", "created_time": "2026-02-24T19:05:52.108946Z", "no_price": 31, "no_price_dollars": "0.3100", "price": 0.69, "taker_side": "yes", "ticker": "KXINX-26FEB24H1600-B6887", "trade_id": "e4063823-f225-5e21-96ca-546da697a590", "yes_price": 69, "yes_price_dollars": "0.6900"}
{"count": 10, "count_fp": "10.00", "created_time": "2026-02-24T19:05:52.108946Z", "no_price": 31, "no_price_dollars": "0.3100", "price": 0.69, "taker_side": "yes", "ticker": "KXINX-26FEB24H1600-B6887", "trade_id": "226cf1fd-3a2f-5a21-bcf3-86bafa501925", "yes_price": 69, "yes_price_dollars": "0.6900"}
{"count": 10, "count_fp": "10.00", "created_time": "2026-02-24T19:00:37.630193Z", "no_price": 34, "no_price_dollars": "0.3400", "price": 0.66, "taker_side": "yes", "ticker": "KXINX-26FEB24H1600-B6887", "trade_id": "918f02b9-5b23-6e3f-57e6-7e31ae82c5d8", "yes_price": 66, "yes_price_dollars": "0.6600"}
{"count": 4, "count_fp": "4.00", "created_time": "2026-02-24T19:00:37.630193Z", "no_price": 34, "no_price_dollars": "0.3400", "price": 0.66, "taker_side": "yes", "ticker": "KXINX-26FEB24H1600-B6887", "trade_id": "3ea27419-088d-6489-4a3c-e9910958973c", "yes_price": 66, "yes_price_dollars": "0.6600"}
{"count": 10, "count_fp": "10.00", "created_time": "2026-02-24T18:58:40.915146Z", "no_price": 39, "no_price_dollars": "0.3900", "price": 0.61, "taker_side": "yes", "ticker": "KXINX-26FEB24H1600-B6887", "trade_id": "175f83f3-e930-7015-4ac6-845f3e9e522e", "yes_price": 61, "yes_price_dollars": "0.6100"}
{"count": 10, "count_fp": "10.00", "created_time": "2026-02-24T18:50:12.519589Z", "no_price": 43, "no_price_dollars": "0.4300", "price": 0.57, "taker_side": "no", "ticker": "KXINX-26FEB24H1600-B6887", "trade_id": "9f3b8eb1-02ae-5434-29a1-31fbd77a5ccf", "yes_price": 57, "yes_price_dollars": "0.5700"}
{"count": 8, "count_fp": "8.00", "created_time": "2026-02-24T18:49:25.302872Z", "no_price": 41, "no_price_dollars": "0.4100", "price": 0.59, "taker_side": "no", "ticker": "KXINX-26FEB24H1600-B6887", "trade_id": "4507f16f-af6b-5beb-34cd-8079f1cbb43a", "yes_price": 59, "yes_price_dollars": "0.5900"}
{"count": 30, "count_fp": "30.00", "created_time": "2026-02-24T18:46:56.946343Z", "no_price": 46, "no_price_dollars": "0.4600", "price": 0.54, "taker_side": "no", "ticker": "KXINX-26FEB24H1600-B6887", "trade_id": "af62535d-6c1a-5834-18dc-e9359ce59b1f", "yes_price": 54, "yes_price_dollars": "0.5400"}
{"count": 10, "count_fp": "10.00", "created_time": "2026-02-24T18:46:23.163474Z", "no_price": 46, "no_price_dollars": "0.4600", "price": 0.54, "taker_side": "yes", "ticker": "KXINX-26FEB24H1600-B6887", "trade_id": "147e2299-b81d-7abc-4910-55013a802de5", "yes_price": 54, "yes_price_dollars": "0.5400"}
{"count": 34, "count_fp": "34.00", "created_time": "2026-02-24T18:43:34.034993Z", "no_price": 47, "no_price_dollars": "0.4700", "price": 0.53, "taker_side": "no", "ticker": "KXINX-26FEB24H1600-B6887", "trade_id": "bf402da9-e59d-5e6f-3970-4e00321d36d8", "yes_price": 53, "yes_price_dollars": "0.5300"}
{"count": 59, "count_fp": "59.00", "created_time": "2026-02-24T18:43:34.034993Z", "no_price": 47, "no_price_dollars": "0.4700", "price": 0.53, "taker_side": "no", "ticker": "KXINX-26FEB24H1600-B6887", "trade_id": "a90674db-6976-532c-1218-507bee905cbf", "yes_price": 53, "yes_price_dollars": "0.5300"}
{"count": 10, "count_fp": "10.00", "created_time": "2026-02-24T18:43:34.034993Z", "no_price": 46, "no_price_dollars": "0.4600", "price": 0.54, "taker_side": "no", "ticker": "KXINX-26FEB24H1600-B6887", "trade_id": "30f30509-51a3-5c3d-32e1-30a54a947175", "yes_price": 54, "yes_price_dollars": "0.5400"}
{"count": 10, "count_fp": "10.00", "created_time": "2026-02-24T18:40:38.44596Z", "no_price": 45, "no_price_dollars": "0.4500", "price": 0.55, "taker_side": "no", "ticker": "KXINX-26FEB24H1600-B6887", "trade_id": "5f0f9601-43fe-59d5-299e-9d6ce589df9f", "yes_price": 55, "yes_price_dollars": "0.5500"}
{"count": 1, "count_fp": "1.00", "created_time": "2026-02-24T18:38:03.359883Z", "no_price": 44, "no_price_dollars": "0.4400", "price": 0.56, "taker_side": "no", "ticker": "KXINX-26FEB24H1600-B6887", "trade_id": "696c6ca7-caa7-5684-1d1d-2de7d09046da", "yes_price": 56, "yes_price_dollars": "0.5600"}
{"count": 12, "count_fp": "12.00", "created_time": "2026-02-24T18:19:35.827553Z", "no_price": 47, "no_price_dollars": "0.4700", "price": 0.53, "taker_side": "yes", "ticker": "KXINX-26FEB24H1600-B6887", "trade_id": "4c5b6508-3b28-7e59-71fc-efd09dfc5edb", "yes_price": 53, "yes_price_dollars": "0.5300"}
{"count": 2, "count_fp": "2.00", "created_time": "2026-02-24T18:06:50.78977Z", "no_price": 52, "no_price_dollars": "0.5200", "price": 0.48, "taker_side": "yes", "ticker": "KXINX-26FEB24H1600-B6887", "trade_id": "a610b237-dfa6-74a9-4abf-0fa64f51c8e4", "yes_price": 48, "yes_price_dollars": "0.4800"}
{"count": 9, "count_fp": "9.00", "created_time": "2026-02-24T17:50:42.43004Z", "no_price": 52, "no_price_dollars": "0.5200", "price": 0.48, "taker_side": "no", "ticker": "KXINX-26FEB24H1600-B6887", "trade_id": "faf01481-decb-5254-f7ac-7becd539e456", "yes_price": 48, "yes_price_dollars": "0.4800"}
{"count": 2, "count_fp": "2.00", "created_time": "2026-02-24T17:50:38.408432Z", "no_price": 51, "no_price_dollars": "0.5100", "price": 0.49, "taker_side": "no", "ticker": "KXINX-26FEB24H1600-B6887", "trade_id": "7063ddf2-913e-5118-148e-db99d4a42a7c", "yes_price": 49, "yes_price_dollars": "0.4900"}
{"count": 8, "count_fp": "8.00", "created_time": "2026-02-24T17:40:27.029575Z", "no_price": 49, "no_price_dollars": "0.4900", "price": 0.51, "taker_side": "yes", "ticker": "KXINX-26FEB24H1600-B6887", "trade_id": "7556f59a-9dfe-7571-0906-1fb2016a02c4", "yes_price": 51, "yes_price_dollars": "0.5100"}
{"count": 20, "count_fp": "20.00", "created_time": "2026-02-24T17:31:44.861195Z", "no_price": 52, "no_price_dollars": "0.5200", "price": 0.48, "taker_side": "yes", "ticker": "KXINX-26FEB24H1600-B6887", "trade_id": "073127f7-664d-6e0f-00fd-7b613f969596", "yes_price": 48, "yes_price_dollars": "0.4800"}
{"count": 50, "count_fp": "50.00", "created_time": "2026-02-24T17:30:14.166953Z", "no_price": 51, "no_price_dollars": "0.5100", "price": 0.49, "taker_side": "yes", "ticker": "KXINX-26FEB24H1600-B6887", "trade_id": "4ae6af1d-1d6d-54c3-2101-7736a57e54e6", "yes_price": 49, "yes_price_dollars": "0.4900"}
{"count": 10, "count_fp": "10.00", "created_time": "2026-02-24T17:30:14.166953Z", "no_price": 53, "no_price_dollars": "0.5300", "price": 0.47, "taker_side": "yes", "ticker": "KXINX-26FEB24H1600-B6887", "trade_id": "01c7eb66-ded7-50ff-0d28-dbe5da116ac9", "yes_price": 47, "yes_price_dollars": "0.4700"}
{"count": 26, "count_fp": "26.00", "created_time": "2026-02-24T17:16:00.425037Z", "no_price": 55, "no_price_dollars": "0.5500", "price": 0.45, "taker_side": "no", "ticker": "KXINX-26FEB24H1600-B6887", "trade_id": "356dcdea-0e44-6dc5-8941-3bd6e2fed852", "yes_price": 45, "yes_price_dollars": "0.4500"}
{"count": 10, "count_fp": "10.00", "created_time": "2026-02-24T17:10:33.96528Z", "no_price": 52, "no_price_dollars": "0.5200", "price": 0.48, "taker_side": "no", "ticker": "KXINX-26FEB24H1600-B6887", "trade_id": "83d36de4-48c8-56a5-1a8a-f1d32144cc26", "yes_price": 48, "yes_price_dollars": "0.4800"}
{"count": 10, "count_fp": "10.00", "created_time": "2026-02-24T17:10:13.649684Z", "no_price": 51, "no_price_dollars": "0.5100", "price": 0.49, "taker_side": "no", "ticker": "KXINX-26FEB24H1600-B6887", "trade_id": "af2ffdec-20f6-59db-49d7-dbc06ddc801f", "yes_price": 49, "yes_price_dollars": "0.4900"}
{"count": 12, "count_fp": "12.00", "created_time": "2026-02-24T16:59:19.787103Z", "no_price": 55, "no_price_dollars": "0.5500", "price": 0.45, "taker_side": "yes", "ticker": "KXINX-26FEB24H1600-B6887", "trade_id": "9404d81a-4a9a-5447-95dd-cd9ba16a8aed", "yes_price": 45, "yes_price_dollars": "0.4500"}
{"count": 64, "count_fp": "64.00", "created_time": "2026-02-24T16:58:46.853747Z", "no_price": 56, "no_price_dollars": "0.5600", "price": 0.44, "taker_side": "yes", "ticker": "KXINX-26FEB24H1600-B6887", "trade_id": "56d9bb36-b08e-665a-e5e3-952def6c336c", "yes_price": 44, "yes_price_dollars": "0.4400"}
{"count": 64, "count_fp": "64.00", "created_time": "2026-02-24T16:57:13.642168Z", "no_price": 56, "no_price_dollars": "0.5600", "price": 0.44, "taker_side": "yes", "ticker": "KXINX-26FEB24H1600-B6887", "trade_id": "8228a8a0-45bd-7228-651e-a3816ae13fec", "yes_price": 44, "yes_price_dollars": "0.4400"}
{"count": 64, "count_fp": "64.00", "created_time": "2026-02-24T16:55:40.073684Z", "no_price": 56, "no_price_dollars": "0.5600", "price": 0.44, "taker_side": "yes", "ticker": "KXINX-26FEB24H1600-B6887", "trade_id": "2676a6ec-6899-57b8-ee6d-95828a79c45a", "yes_price": 44, "yes_price_dollars": "0.4400"}
{"count": 64, "count_fp": "64.00", "created_time": "2026-02-24T16:53:36.797213Z", "no_price": 57, "no_price_dollars": "0.5700", "price": 0.43, "taker_side": "yes", "ticker": "KXINX-26FEB24H1600-B6887", "trade_id": "6867b4ec-a938-433f-3697-23649440e7f7", "yes_price": 43, "yes_price_dollars": "0.4300"}
{"count": 35, "count_fp": "35.00", "created_time": "2026-02-24T16:15:42.471188Z", "no_price": 59, "no_price_dollars": "0.5900", "price": 0.41, "taker_side": "yes", "ticker": "KXINX-26FEB24H1600-B6887", "trade_id": "3929f749-f228-4351-3881-25f7e9ef2b10", "yes_price": 41, "yes_price_dollars": "0.4100"}
{"count": 57, "count_fp": "57.00", "created_time": "2026-02-24T16:14:16.738674Z", "no_price": 59, "no_price_dollars": "0.5900", "price": 0.41, "taker_side": "yes", "ticker": "KXINX-26FEB24H1600-B6887", "trade_id": "16c4441e-90b0-6959-2aa0-7093935b9ed8", "yes_price": 41, "yes_price_dollars": "0.4100"}
{"count": 2, "count_fp": "2.00", "created_time": "2026-02-24T16:12:09.539358Z", "no_price": 60, "no_price_dollars": "0.6000", "price": 0.4, "taker_side": "yes", "ticker": "KXINX-26FEB24H1600-B6887", "trade_id": "499dfa08-076e-7b7a-88e7-8b8d5941d644", "yes_price": 40, "yes_price_dollars": "0.4000"}
{"count": 20, "count_fp": "20.00", "created_time": "2026-02-24T16:05:32.352039Z", "no_price": 59, "no_price_dollars": "0.5900", "price": 0.41, "taker_side": "yes", "ticker": "KXINX-26FEB24H1600-B6887", "trade_id": "be4eb841-938c-61f5-d79b-a2b6077de1b4", "yes_price": 41, "yes_price_dollars": "0.4100"}
{"count": 5, "count_fp": "5.00", "created_time": "2026-02-24T16:05:22.252417Z", "no_price": 60, "no_price_dollars": "0.6000", "price": 0.4, "taker_side": "no", "ticker": "KXINX-26FEB24H1600-B6887", "trade_id": "6200f88a-8279-7d65-3f69-4739ae4b1d99", "yes_price": 40, "yes_price_dollars": "0.4000"}
{"count": 5, "count_fp": "5.00", "created_time": "2026-02-24T16:05:21.833078Z", "no_price": 60, "no_price_dollars": "0.6000", "price": 0.4, "taker_side": "yes", "ticker": "KXINX-26FEB24H1600-B6887", "trade_id": "68be7887-5bd2-6b3e-d2ab-4c81c2b13c8b", "yes_price": 40, "yes_price_dollars": "0.4000"}
{"count": 10, "count_fp": "10.00", "created_time": "2026-02-24T16:00:47.775311Z", "no_price": 67, "no_price_dollars": "0.6700", "price": 0.33, "taker_side": "no", "ticker": "KXINX-26FEB24H1600-B6887", "trade_id": "95165a2e-9469-6503-e15a-ea8e3e5efc67", "yes_price": 33, "yes_price_dollars": "0.3300"}
{"count": 1, "count_fp": "1.00", "created_time": "2026-02-24T16:00:47.775311Z", "no_price": 97, "no_price_dollars": "0.9700", "price": 0.03, "taker_side": "no", "ticker": "KXINX-26FEB24H1600-B6887", "trade_id": "554e11e4-3635-68b7-ebb9-5482d84a378b", "yes_price": 3, "yes_price_dollars": "0.0300"}
{"count": 90, "count_fp": "90.00", "created_time": "2026-02-24T15:51:47.046878Z", "no_price": 64, "no_price_dollars": "0.6400", "price": 0.36, "taker_side": "yes", "ticker": "KXINX-26FEB24H1600-B6887", "trade_id": "ab9ca901-3af8-67ce-9bd5-9743c2de1fa0", "yes_price": 36, "yes_price_dollars": "0.3600"}
{"count": 10, "count_fp": "10.00", "created_time": "2026-02-24T15:51:02.761382Z", "no_price": 64, "no_price_dollars": "0.6400", "price": 0.36, "taker_side": "no", "ticker": "KXINX-26FEB24H1600-B6887", "trade_id": "92b2f35a-242a-5de0-7c6f-723d0d40ea83", "yes_price": 36, "yes_price_dollars": "0.3600"}
{"count": 2, "count_fp": "2.00", "created_time": "2026-02-24T15:50:44.239433Z", "no_price": 63, "no_price_dollars": "0.6300", "price": 0.37, "taker_side": "no", "ticker": "KXINX-26FEB24H1600-B6887", "trade_id": "c1667376-518c-5d13-7d21-914299f9c16b", "yes_price": 37, "yes_price_dollars": "0.3700"}
{"count": 48, "count_fp": "48.00", "created_time": "2026-02-24T15:50:44.239433Z", "no_price": 64, "no_price_dollars": "0.6400", "price": 0.36, "taker_side": "no", "ticker": "KXINX-26FEB24H1600-B6887", "trade_id": "b69fd493-c399-52ed-43b1-ac8092d0f93a", "yes_price": 36, "yes_price_dollars": "0.3600"}
{"count": 10, "count_fp": "10.00", "created_time": "2026-02-24T15:50:44.239433Z", "no_price": 62, "no_price_dollars": "0.6200", "price": 0.38, "taker_side": "no", "ticker": "KXINX-26FEB24H1600-B6887", "trade_id": "8e3430da-2f27-5b39-7a2c-e9cd9c65fb3f", "yes_price": 38, "yes_price_dollars": "0.3800"}
{"count": 9, "count_fp": "9.00", "created_time": "2026-02-24T15:50:44.239433Z", "no_price": 65, "no_price_dollars": "0.6500", "price": 0.35, "taker_side": "no", "ticker": "KXINX-26FEB24H1600-B6887", "trade_id": "86d4e984-f985-54ba-473b-8d66b0892cbe", "yes_price": 35, "yes_price_dollars": "0.3500"}
{"count": 12, "count_fp": "12.00", "created_time": "2026-02-24T15:44:07.587529Z", "no_price": 63, "no_price_dollars": "0.6300", "price": 0.37, "taker_side": "yes", "ticker": "KXINX-26FEB24H1600-B6887", "trade_id": "062d8f6e-5dff-69b0-b5d6-99e60af32030", "yes_price": 37, "yes_price_dollars": "0.3700"}
{"count": 2, "count_fp": "2.00", "created_time": "2026-02-24T15:32:44.714893Z", "no_price": 66, "no_price_dollars": "0.6600", "price": 0.34, "taker_side": "no", "ticker": "KXINX-26FEB24H1600-B6887", "trade_id": "00f3cf77-eab1-5f2d-5537-ce5bd9115772", "yes_price": 34, "yes_price_dollars": "0.3400"}
{"count": 10, "count_fp": "10.00", "created_time": "2026-02-24T15:25:51.360867Z", "no_price": 69, "no_price_dollars": "0.6900", "price": 0.31, "taker_side": "yes", "ticker": "KXINX-26FEB24H1600-B6887", "trade_id": "6395be4f-22c3-587a-2ff0-42dd04538f81", "yes_price": 31, "yes_price_dollars": "0.3100"}
{"count": 3, "count_fp": "3.00", "created_time": "2026-02-24T14:54:56.371145Z", "no_price": 73, "no_price_dollars": "0.7300", "price": 0.27, "taker_side": "yes", "ticker": "KXINX-26FEB24H1600-B6887", "trade_id": "a2a0914a-0c22-714f-2a6d-9fbf6df0969e", "yes_price": 27, "yes_price_dollars": "0.2700"}
{"count": 6, "count_fp": "6.00", "created_time": "2026-02-24T14:47:22.437787Z", "no_price": 73, "no_price_dollars": "0.7300", "price": 0.27, "taker_side": "yes", "ticker": "KXINX-26FEB24H1600-B6887", "trade_id": "6b77b5ed-e846-479f-2934-aca63775b36a", "yes_price": 27, "yes_price_dollars": "0.2700"}
{"count": 63, "count_fp": "63.00", "created_time": "2026-02-24T14:43:19.074548Z", "no_price": 77, "no_price_dollars": "0.7700", "price": 0.23, "taker_side": "yes", "ticker": "KXINX-26FEB24H1600-B6887", "trade_id": "2debecff-a0ce-7b87-a351-62176b7ca77e", "yes_price": 23, "yes_price_dollars": "0.2300"}
{"count": 208, "count_fp": "208.00", "created_time": "2026-02-24T14:43:08.937672Z", "no_price": 77, "no_price_dollars": "0.7700", "price": 0.23, "taker_side": "yes", "ticker": "KXINX-26FEB24H1600-B6887", "trade_id": "7687abaf-49e2-5cd3-2fb2-94ba97c291d6", "yes_price": 23, "yes_price_dollars": "0.2300"}
{"count": 3, "count_fp": "3.00", "created_time": "2026-02-24T14:43:08.937672Z", "no_price": 79, "no_price_dollars": "0.7900", "price": 0.21, "taker_side": "yes", "ticker": "KXINX-26FEB24H1600-B6887", "trade_id": "3f671b1e-b23d-5be7-2826-6aed59039821", "yes_price": 21, "yes_price_dollars": "0.2100"}
{"count": 8, "count_fp": "8.00", "created_time": "2026-02-24T13:51:54.968017Z", "no_price": 78, "no_price_dollars": "0.7800", "price": 0.22, "taker_side": "yes", "ticker": "KXINX-26FEB24H1600-B6887", "trade_id": "7923019b-a38b-44d8-952a-d86bf3f1ae65", "yes_price": 22, "yes_price_dollars": "0.2200"}
{"count": 5, "count_fp": "5.00", "created_time": "2026-02-24T13:09:53.620845Z", "no_price": 85, "no_price_dollars": "0.8500", "price": 0.15, "taker_side": "yes", "ticker": "KXINX-26FEB24H1600-B6887", "trade_id": "9ca54601-8489-5a3d-346e-1a3cefaaf41e", "yes_price": 15, "yes_price_dollars": "0.1500"}
{"count": 10, "count_fp": "10.00", "created_time": "2026-02-24T05:19:17.06338Z", "no_price": 70, "no_price_dollars": "0.7000", "price": 0.3, "taker_side": "yes", "ticker": "KXINX-26FEB24H1600-B6887", "trade_id": "f92f43ee-d5a6-47fd-3918-201b8f3a3686", "yes_price": 30, "yes_price_dollars": "0.3000"}
{"count": 2, "count_fp": "2.00", "created_time": "2026-02-24T05:19:17.06338Z", "no_price": 69, "no_price_dollars": "0.6900", "price": 0.31, "taker_side": "yes", "ticker": "KXINX-26FEB24H1600-B6887", "trade_id": "c4f0f5e6-8c53-4b5a-0806-b98bb890e3d1", "yes_price": 31, "yes_price_dollars": "0.3100"}
{"count": 13, "count_fp": "13.00", "created_time": "2026-02-24T20:46:56.593946Z", "no_price": 99, "no_price_dollars": "0.9900", "price": 0.01, "taker_side": "no", "ticker": "KXINX-26FEB24H1600-B6862", "trade_id": "ac154142-115f-49d6-78c8-38f2b2183f56", "yes_price": 1, "yes_price_dollars": "0.0100"}
{"count": 11, "count_fp": "11.00", "created_time": "2026-02-24T20:46:06.786889Z", "no_price": 98, "no_price_dollars": "0.9800", "price": 0.02, "taker_side": "no", "ticker": "KXINX-26FEB24H1600-B6862", "trade_id": "e892cc48-41c3-4566-a10a-0bbd78087c0a", "yes_price": 2, "yes_price_dollars": "0.0200"}
{"count": 13, "count_fp": "13.00", "created_time": "2026-02-24T20:44:47.108402Z", "no_price": 97, "no_price_dollars": "0.9700", "price": 0.03, "taker_side": "no", "ticker": "KXINX-26FEB24H1600-B6862", "trade_id": "a4842289-d36f-719a-10f8-c52ef6b28c8e", "yes_price": 3, "yes_price_dollars": "0.0300"}
{"count": 16, "count_fp": "16.00", "created_time": "2026-02-24T20:43:00.277117Z", "no_price": 94, "no_price_dollars": "0.9400", "price": 0.06, "taker_side": "no", "ticker": "KXINX-26FEB24H1600-B6862", "trade_id": "94142f8a-1b07-6cf6-e140-7511f6ff13aa", "yes_price": 6, "yes_price_dollars": "0.0600"}
{"count": 10, "count_fp": "10.00", "created_time": "2026-02-24T20:43:00.277117Z", "no_price": 94, "no_price_dollars": "0.9400", "price": 0.06, "taker_side": "no", "ticker": "KXINX-26FEB24H1600-B6862", "trade_id": "85b85024-f439-66af-c576-b65e732c2d27", "yes_price": 6, "yes_price_dollars": "0.0600"}
{"count": 10, "count_fp": "10.00", "created_time": "2026-02-24T20:42:29.868761Z", "no_price": 93, "no_price_dollars": "0.9300", "price": 0.07, "taker_side": "no", "ticker": "KXINX-26FEB24H1600-B6862", "trade_id": "200b8ce3-f07f-7c3f-19c2-0a92a4199ebd", "yes_price": 7, "yes_price_dollars": "0.0700"}
{"count": 26, "count_fp": "26.00", "created_time": "2026-02-24T20:39:28.193911Z", "no_price": 90, "no_price_dollars": "0.9000", "price": 0.1, "taker_side": "no", "ticker": "KXINX-26FEB24H1600-B6862", "trade_id": "7c84684d-c0c3-788e-966d-6cc6168e5f52", "yes_price": 10, "yes_price_dollars": "0.1000"}
{"count": 22, "count_fp": "22.00", "created_time": "2026-02-24T20:37:44.013162Z", "no_price": 94, "no_price_dollars": "0.9400", "price": 0.06, "taker_side": "no", "ticker": "KXINX-26FEB24H1600-B6862", "trade_id": "dddeb851-5b9f-551a-6137-073f9a3ca5c2", "yes_price": 6, "yes_price_dollars": "0.0600"}
{"count": 3, "count_fp": "3.00", "created_time": "2026-02-24T20:37:44.013162Z", "no_price": 94, "no_price_dollars": "0.9400", "price": 0.06, "taker_side": "no", "ticker": "KXINX-26FEB24H1600-B6862", "trade_id": "3c3f16d0-7f83-5018-56cc-7e806ab00e32", "yes_price": 6, "yes_price_dollars": "0.0600"}
{"count": 3, "count_fp": "3.00", "created_time": "2026-02-24T20:35:55.174114Z", "no_price": 92, "no_price_dollars": "0.9200", "price": 0.08, "taker_side": "no", "ticker": "KXINX-26FEB24H1600-B6862", "trade_id": "7ad6caa4-4243-7f50-dbef-ba3a88b62daa", "yes_price": 8, "yes_price_dollars": "0.0800"}
{"count": 22, "count_fp": "22.00", "created_time": "2026-02-24T20:35:55.174114Z", "no_price": 92, "no_price_dollars": "0.9200", "price": 0.08, "taker_side": "no", "ticker": "KXINX-26FEB24H1600-B6862", "trade_id": "0ac89293-3b97-73ed-eeca-3e57577eb648", "yes_price": 8, "yes_price_dollars": "0.0800"}
{"count": 22, "count_fp": "22.00", "created_time": "2026-02-24T20:34:07.647547Z", "no_price": 91, "no_price_dollars": "0.9100", "price": 0.09, "taker_side": "no", "ticker": "KXINX-26FEB24H1600-B6862", "trade_id": "09fecb18-e3ed-400d-dc8b-0ab89b19821e", "yes_price": 9, "yes_price_dollars": "0.0900"}
{"count": 4, "count_fp": "4.00", "created_time": "2026-02-24T20:30:12.753388Z", "no_price": 83, "no_price_dollars": "0.8300", "price": 0.17, "taker_side": "no", "ticker": "KXINX-26FEB24H1600-B6862", "trade_id": "25e24e71-1f9f-5f58-af81-60b904e61552", "yes_price": 17, "yes_price_dollars": "0.1700"}
{"count": 20, "count_fp": "20.00", "created_time": "2026-02-24T20:30:05.035606Z", "no_price": 82, "no_price_dollars": "0.8200", "price": 0.18, "taker_side": "no", "ticker": "KXINX-26FEB24H1600-B6862", "trade_id": "b8275da1-7663-6a21-7816-0cc6081aabd7", "yes_price": 18, "yes_price_dollars": "0.1800"}
{"count": 5, "count_fp": "5.00", "created_time": "2026-02-24T20:29:44.277229Z", "no_price": 81, "no_price_dollars": "0.8100", "price": 0.19, "taker_side": "no", "ticker": "KXINX-26FEB24H1600-B6862", "trade_id": "24257cb6-5a67-5055-d72d-0ebceb8102ab", "yes_price": 19, "yes_price_dollars": "0.1900"}
{"count": 1, "count_fp": "1.00", "created_time": "2026-02-24T20:28:19.123142Z", "no_price": 86, "no_price_dollars": "0.8600", "price": 0.14, "taker_side": "no", "ticker": "KXINX-26FEB24H1600-B6862", "trade_id": "e0b7ffe3-4477-4a55-6154-57058df574db", "yes_price": 14, "yes_price_dollars": "0.1400"}
{"count": 9, "count_fp": "9.00", "created_time": "2026-02-24T20:28:16.362101Z", "no_price": 86, "no_price_dollars": "0.8600", "price": 0.14, "taker_side": "no", "ticker": "KXINX-26FEB24H1600-B6862", "trade_id": "fb449747-c5aa-4a93-4d88-c85afb25fac6", "yes_price": 14, "yes_price_dollars": "0.1400"}
{"count": 13, "count_fp": "13.00", "created_time": "2026-02-24T20:28:16.362101Z", "no_price": 86, "no_price_dollars": "0.8600", "price": 0.14, "taker_side": "no", "ticker": "KXINX-26FEB24H1600-B6862", "trade_id": "2734cae4-153b-4591-49f7-f91b1df53b03", "yes_price": 14, "yes_price_dollars": "0.1400"}
{"count": 1, "count_fp": "1.00", "created_time": "2026-02-24T20:26:10.660518Z", "no_price": 88, "no_price_dollars": "0.8800", "price": 0.12, "taker_side": "no", "ticker": "KXINX-26FEB24H1600-B6862", "trade_id": "0d53c196-d3a6-6ad7-de36-6fbfd7a50e9e", "yes_price": 12, "yes_price_dollars": "0.1200"}
{"count": 22, "count_fp": "22.00", "created_time": "2026-02-24T20:26:08.09886Z", "no_price": 90, "no_price_dollars": "0.9000", "price": 0.1, "taker_side": "no", "ticker": "KXINX-26FEB24H1600-B6862", "trade_id": "b18ab408-1097-7808-5935-3dbe02fd9153", "yes_price": 10, "yes_price_dollars": "0.1000"}
{"count": 10, "count_fp": "10.00", "created_time": "2026-02-24T20:22:14.544241Z", "no_price": 87, "no_price_dollars": "0.8700", "price": 0.13, "taker_side": "yes", "ticker": "KXINX-26FEB24H1600-B6862", "trade_id": "dbbe9e5b-75aa-79a2-ba46-7523a84fb052", "yes_price": 13, "yes_price_dollars": "0.1300"}
{"count": 12, "count_fp": "12.00", "created_time": "2026-02-24T20:21:50.312513Z", "no_price": 89, "no_price_dollars": "0.8900", "price": 0.11, "taker_side": "yes", "ticker": "KXINX-26FEB24H1600-B6862", "trade_id": "9c28cca3-195c-7f6c-877d-bf66132bbee0", "yes_price": 11, "yes_price_dollars": "0.1100"}
{"count": 10, "count_fp": "10.00", "created_time": "2026-02-24T20:20:50.507506Z", "no_price": 89, "no_price_dollars": "0.8900", "price": 0.11, "taker_side": "no", "ticker": "KXINX-26FEB24H1600-B6862", "trade_id": "5bfbe1d1-4fc7-6702-dba5-954ef11e128a", "yes_price": 11, "yes_price_dollars": "0.1100"}
{"count": 4, "count_fp": "4.00", "created_time": "2026-02-24T20:18:24.734889Z", "no_price": 65, "no_price_dollars": "0.6500", "price": 0.35, "taker_side": "yes", "ticker": "KXINX-26FEB24H1600-B6862", "trade_id": "30972a95-b847-6176-6e1a-9d02970a09e3", "yes_price": 35, "yes_price_dollars": "0.3500"}
{"count": 10, "count_fp": "10.00", "created_time": "2026-02-24T20:18:24.734889Z", "no_price": 66, "no_price_dollars": "0.6600", "price": 0.34, "taker_side": "yes", "ticker": "KXINX-26FEB24H1600-B6862", "trade_id": "03250102-2070-6128-4059-3db5133d9028", "yes_price": 34, "yes_price_dollars": "0.3400"}
{"count": 7, "count_fp": "7.00", "created_time": "2026-02-24T20:17:18.988195Z", "no_price": 82, "no_price_dollars": "0.8200", "price": 0.18, "taker_side": "no", "ticker": "KXINX-26FEB24H1600-B6862", "trade_id": "2c607246-dff5-6354-379f-5b3be0674701", "yes_price": 18, "yes_price_dollars": "0.1800"}
{"count": 4, "count_fp": "4.00", "created_time": "2026-02-24T20:17:16.519587Z", "no_price": 82, "no_price_dollars": "0.8200", "price": 0.18, "taker_side": "no", "ticker": "KXINX-26FEB24H1600-B6862", "trade_id": "dfa8b44d-4b7d-73d4-7ee3-a43f0881c481", "yes_price": 18, "yes_price_dollars": "0.1800"}
{"count": 10, "count_fp": "10.00", "created_time": "2026-02-24T20:17:16.519587Z", "no_price": 82, "no_price_dollars": "0.8200", "price": 0.18, "taker_side": "no", "ticker": "KXINX-26FEB24H1600-B6862", "trade_id": "872d2ddd-2187-7999-489d-6ebfe867a452", "yes_price": 18, "yes_price_dollars": "0.1800"}
{"count": 2, "count_fp": "2.00", "created_time": "2026-02-24T20:14:32.174981Z", "no_price": 66, "no_price_dollars": "0.6600", "price": 0.34, "taker_side": "yes", "ticker": "KXINX-26FEB24H1600-B6862", "trade_id": "8f217381-6517-7a27-2308-400ba89d4ff6", "yes_price": 34, "yes_price_dollars": "0.3400"}
{"count": 3, "count_fp": "3.00", "created_time": "2026-02-24T20:14:32.174981Z", "no_price": 65, "no_price_dollars": "0.6500", "price": 0.35, "taker_side": "yes", "ticker": "KXINX-26FEB24H1600-B6862", "trade_id": "6bebdef9-b75f-7bfe-1ef2-f19f059123f3", "yes_price": 35, "yes_price_dollars": "0.3500"}
{"count": 8, "count_fp": "8.00", "created_time": "2026-02-24T20:13:14.688166Z", "no_price": 66, "no_price_dollars": "0.6600", "price": 0.34, "taker_side": "yes", "ticker": "KXINX-26FEB24H1600-B6862", "trade_id": "be21cfcc-de77-50f7-efed-5cc62da687de", "yes_price": 34, "yes_price_dollars": "0.3400"}
{"count": 20, "count_fp": "20.00", "created_time": "2026-02-24T20:10:57.353541Z", "no_price": 83, "no_price_dollars": "0.8300", "price": 0.17, "taker_side": "no", "ticker": "KXINX-26FEB24H1600-B6862", "trade_id": "910aa30f-ec29-6dac-570e-b52c1a5ec3c4", "yes_price": 17, "yes_price_dollars": "0.1700"}
{"count": 84, "count_fp": "84.00", "created_time": "2026-02-24T20:04:53.99837Z", "no_price": 90, "no_price_dollars": "0.9000", "price": 0.1, "taker_side": "no", "ticker": "KXINX-26FEB24H1600-B6862", "trade_id": "c0f5ef6e-c91c-6ea7-068a-810b1ff97a61", "yes_price": 10, "yes_price_dollars": "0.1000"}
{"count": 5, "count_fp": "5.00", "created_time": "2026-02-24T20:04:53.99837Z", "no_price": 89, "no_price_dollars": "0.8900", "price": 0.11, "taker_side": "no", "ticker": "KXINX-26FEB24H1600-B6862", "trade_id": "2a9422f7-bf0c-6f1b-38f9-7e980854bee5", "yes_price": 11, "yes_price_dollars": "0.1100"}
{"count": 5, "count_fp": "5.00", "created_time": "2026-02-24T19:15:29.987876Z", "no_price": 88, "no_price_dollars": "0.8800", "price": 0.12, "taker_side": "no", "ticker": "KXINX-26FEB24H1600-B6862", "trade_id": "8d4a46cd-e768-6d77-622a-de89c83cefc9", "yes_price": 12, "yes_price_dollars": "0.1200"}
{"count": 3, "count_fp": "3.00", "created_time": "2026-02-24T19:08:09.067166Z", "no_price": 90, "no_price_dollars": "0.9000", "price": 0.1, "taker_side": "no", "ticker": "KXINX-26FEB24H1600-B6862", "trade_id": "5294cbae-8b33-4ef1-84ca-5eb0dbc6181e", "yes_price": 10, "yes_price_dollars": "0.1000"}
{"count": 10, "count_fp": "10.00", "created_time": "2026-02-24T19:08:09.067166Z", "no_price": 90, "no_price_dollars": "0.9000", "price": 0.1, "taker_side": "no", "ticker": "KXINX-26FEB24H1600-B6862", "trade_id": "4663aae6-7836-4a1b-9867-4956ebf41df0", "yes_price": 10, "yes_price_dollars": "0.1000"}
{"count": 10, "count_fp": "10.00", "created_time": "2026-02-24T18:53:37.799988Z", "no_price": 93, "no_price_dollars": "0.9300", "price": 0.07, "taker_side": "no", "ticker": "KXINX-26FEB24H1600-B6862", "trade_id": "6cb4ceac-062b-600b-1067-5d124d570130", "yes_price": 7, "yes_price_dollars": "0.0700"}
{"count": 19, "count_fp": "19.00", "created_time": "2026-02-24T18:32:54.023224Z", "no_price": 65, "no_price_dollars": "0.6500", "price": 0.35, "taker_side": "yes", "ticker": "KXINX-26FEB24H1600-B6862", "trade_id": "e2a5899d-df6b-7fee-7275-44035a63180b", "yes_price": 35, "yes_price_dollars": "0.3500"}
{"count": 1, "count_fp": "1.00", "created_time": "2026-02-24T18:03:36.541368Z", "no_price": 76, "no_price_dollars": "0.7600", "price": 0.24, "taker_side": "yes", "ticker": "KXINX-26FEB24H1600-B6862", "trade_id": "272277b5-920a-5fa7-0657-4ae420dde124", "yes_price": 24, "yes_price_dollars": "0.2400"}
{"count": 5, "count_fp": "5.00", "created_time": "2026-02-24T18:03:36.541368Z", "no_price": 64, "no_price_dollars": "0.6400", "price": 0.36, "taker_side": "yes", "ticker": "KXINX-26FEB24H1600-B6862", "trade_id": "1ce996fb-1b1c-54ed-0b0b-243c46ccb8d2", "yes_price": 36, "yes_price_dollars": "0.3600"}
{"count": 10, "count_fp": "10.00", "created_time": "2026-02-24T18:03:36.541368Z", "no_price": 84, "no_price_dollars": "0.8400", "price": 0.16, "taker_side": "yes", "ticker": "KXINX-26FEB24H1600-B6862", "trade_id": "17a930fc-c0b7-5b7b-0373-e0fe7c5abd1d", "yes_price": 16, "yes_price_dollars": "0.1600"}
{"count": 1, "count_fp": "1.00", "created_time": "2026-02-24T17:51:09.249146Z", "no_price": 88, "no_price_dollars": "0.8800", "price": 0.12, "taker_side": "no", "ticker": "KXINX-26FEB24H1600-B6862", "trade_id": "3564fd20-feeb-7a86-a189-4ffd86fa6c4c", "yes_price": 12, "yes_price_dollars": "0.1200"}
{"count": 9, "count_fp": "9.00", "created_time": "2026-02-24T17:50:42.430061Z", "no_price": 88, "no_price_dollars": "0.8800", "price": 0.12, "taker_side": "no", "ticker": "KXINX-26FEB24H1600-B6862", "trade_id": "b1d0c166-be33-64ce-2fa9-6fa3f32a7dd0", "yes_price": 12, "yes_price_dollars": "0.1200"}
{"count": 4, "count_fp": "4.00", "created_time": "2026-02-24T17:39:58.235762Z", "no_price": 84, "no_price_dollars": "0.8400", "price": 0.16, "taker_side": "yes", "ticker": "KXINX-26FEB24H1600-B6862", "trade_id": "e01d1a3e-e51c-7717-a710-41be4c0dd4f8", "yes_price": 16, "yes_price_dollars": "0.1600"}
{"count": 10, "count_fp": "10.00", "created_time": "2026-02-24T17:39:40.954076Z", "no_price": 83, "no_price_dollars": "0.8300", "price": 0.17, "taker_side": "yes", "ticker": "KXINX-26FEB24H1600-B6862", "trade_id": "e6d8bf9f-9913-6de9-9647-3340aa505dab", "yes_price": 17, "yes_price_dollars": "0.1700"}
{"count": 15, "count_fp": "15.00", "created_time": "2026-02-24T17:39:40.954076Z", "no_price": 83, "no_price_dollars": "0.8300", "price": 0.17, "taker_side": "yes", "ticker": "KXINX-26FEB24H1600-B6862", "trade_id": "ce00949b-c3e2-6b6c-b4b0-044f7e1a3ef6", "yes_price": 17, "yes_price_dollars": "0.1700"}
{"count": 5, "count_fp": "5.00", "created_time": "2026-02-24T17:39:40.954076Z", "no_price": 83, "no_price_dollars": "0.8300", "price": 0.17, "taker_side": "yes", "ticker": "KXINX-26FEB24H1600-B6862", "trade_id": "8e79d5f9-295c-6e09-92fa-c483c476d88c", "yes_price": 17, "yes_price_dollars": "0.1700"}
{"count": 1, "count_fp": "1.00", "created_time": "2026-02-24T17:10:13.650711Z", "no_price": 81, "no_price_dollars": "0.8100", "price": 0.19, "taker_side": "no", "ticker": "KXINX-26FEB24H1600-B6862", "trade_id": "f2ad2612-3cb3-53e9-c057-496e4d02ebb1", "yes_price": 19, "yes_price_dollars": "0.1900"}
{"count": 9, "count_fp": "9.00", "created_time": "2026-02-24T17:10:13.650711Z", "no_price": 81, "no_price_dollars": "0.8100", "price": 0.19, "taker_side": "no", "ticker": "KXINX-26FEB24H1600-B6862", "trade_id": "4c62ca04-488b-5cf6-d295-a0aa5069997a", "yes_price": 19, "yes_price_dollars": "0.1900"}
{"count": 10, "count_fp": "10.00", "created_time": "2026-02-24T17:10:01.442428Z", "no_price": 81, "no_price_dollars": "0.8100", "price": 0.19, "taker_side": "no", "ticker": "KXINX-26FEB24H1600-B6862", "trade_id": "74ec6148-b339-6686-7f8a-2ba29058c3a1", "yes_price": 19, "yes_price_dollars": "0.1900"}
{"count": 9, "count_fp": "9.00", "created_time": "2026-02-24T16:44:28.667739Z", "no_price": 55, "no_price_dollars": "0.5500", "price": 0.45, "taker_side": "yes", "ticker": "KXINX-26FEB24H1600-B6862", "trade_id": "c63a3e3c-8478-7ce6-5e62-02a68e60a828", "yes_price": 45, "yes_price_dollars": "0.4500"}
{"count": 35, "count_fp": "35.00", "created_time": "2026-02-24T16:44:28.667739Z", "no_price": 67, "no_price_dollars": "0.6700", "price": 0.33, "taker_side": "yes", "ticker": "KXINX-26FEB24H1600-B6862", "trade_id": "6187d098-5c47-7f89-4cf8-0380f4fdf1d4", "yes_price": 33, "yes_price_dollars": "0.3300"}
{"count": 12, "count_fp": "12.00", "created_time": "2026-02-24T16:44:28.667739Z", "no_price": 63, "no_price_dollars": "0.6300", "price": 0.37, "taker_side": "yes", "ticker": "KXINX-26FEB24H1600-B6862", "trade_id": "23d03b0a-4d23-7d4b-6978-d589026a850c", "yes_price": 37, "yes_price_dollars": "0.3700"}
{"count": 1, "count_fp": "1.00", "created_time": "2026-02-24T16:44:28.667739Z", "no_price": 60, "no_price_dollars": "0.6000", "price": 0.4, "taker_side": "yes", "ticker": "KXINX-26FEB24H1600-B6862", "trade_id": "20e4dfe6-7e73-769c-590f-335603f6882d", "yes_price": 40, "yes_price_dollars": "0.4000"}
{"count": 10, "count_fp": "10.00", "created_time": "2026-02-24T16:44:28.667739Z", "no_price": 62, "no_price_dollars": "0.6200", "price": 0.38, "taker_side": "yes", "ticker": "KXINX-26FEB24H1600-B6862", "trade_id": "1cbfd576-4b79-77f7-522a-ee0ac4470724", "yes_price": 38, "yes_price_dollars": "0.3800"}
{"count": 77, "count_fp": "77.00", "created_time": "2026-02-24T16:37:12.700892Z", "no_price": 67, "no_price_dollars": "0.6700", "price": 0.33, "taker_side": "yes", "ticker": "KXINX-26FEB24H1600-B6862", "trade_id": "d2e35a4f-2253-410d-b9a5-77ec747f0bb4", "yes_price": 33, "yes_price_dollars": "0.3300"}
{"count": 12, "count_fp": "12.00", "created_time": "2026-02-24T16:37:12.700892Z", "no_price": 69, "no_price_dollars": "0.6900", "price": 0.31, "taker_side": "yes", "ticker": "KXINX-26FEB24H1600-B6862", "trade_id": "bd84e420-e32d-467f-968b-aa69063e28e1", "yes_price": 31, "yes_price_dollars": "0.3100"}
{"count": 56, "count_fp": "56.00", "created_time": "2026-02-24T16:19:22.211044Z", "no_price": 74, "no_price_dollars": "0.7400", "price": 0.26, "taker_side": "yes", "ticker": "KXINX-26FEB24H1600-B6862", "trade_id": "a10319a4-d753-6478-cd72-571ebcc288a5", "yes_price": 26, "yes_price_dollars": "0.2600"}
{"count": 37, "count_fp": "37.00", "created_time": "2026-02-24T15:51:15.457124Z", "no_price": 72, "no_price_dollars": "0.7200", "price": 0.28, "taker_side": "yes", "ticker": "KXINX-26FEB24H1600-B6862", "trade_id": "9286670e-5dd9-6165-b5b1-be4970328d9a", "yes_price": 28, "yes_price_dollars": "0.2800"}
{"count": 10, "count_fp": "10.00", "created_time": "2026-02-24T15:51:15.457124Z", "no_price": 74, "no_price_dollars": "0.7400", "price": 0.26, "taker_side": "yes", "ticker": "KXINX-26FEB24H1600-B6862", "trade_id": "4875bbd2-2c4b-6492-b738-c7b6fa67dff3", "yes_price": 26, "yes_price_dollars": "0.2600"}
{"count": 10, "count_fp": "10.00", "created_time": "2026-02-24T15:38:24.605101Z", "no_price": 75, "no_price_dollars": "0.7500", "price": 0.25, "taker_side": "yes", "ticker": "KXINX-26FEB24H1600-B6862", "trade_id": "c3fce542-be04-4979-84aa-3c1213c07e90", "yes_price": 25, "yes_price_dollars": "0.2500"}
{"count": 336, "count_fp": "336.00", "created_time": "2026-02-24T15:18:15.084734Z", "no_price": 71, "no_price_dollars": "0.7100", "price": 0.29, "taker_side": "yes", "ticker": "KXINX-26FEB24H1600-B6862", "trade_id": "2b24eeff-7b1a-5270-4213-7adab860902d", "yes_price": 29, "yes_price_dollars": "0.2900"}
{"count": 28, "count_fp": "28.00", "created_time": "2026-02-24T14:55:29.489767Z", "no_price": 78, "no_price_dollars": "0.7800", "price": 0.22, "taker_side": "no", "ticker": "KXINX-26FEB24H1600-B6862", "trade_id": "e49fa1c3-36a3-53a3-e1b3-19211883595c", "yes_price": 22, "yes_price_dollars": "0.2200"}
