{"count": 4, "count_fp": "4.00", "created_time": "2026-02-10T19:41:42.381694Z", "no_price": 96, "no_price_dollars": "0.9600", "price": 0.04, "taker_side": "yes", "ticker": "KXINX-26FEB10H1600-B7012", "trade_id": "c63570f9-92e0-6b23-5a1a-d9e1796f6b2d", "yes_price": 4, "yes_price_dollars": "0.0400"}
{"count": 8, "count_fp": "8.00", "created_time": "2026-02-10T19:33:25.651997Z", "no_price": 98, "no_price_dollars": "0.9800", "price": 0.02, "taker_side": "yes", "ticker": "KXINX-26FEB10H1600-B7012", "trade_id": "0dc888f1-c8e0-50eb-d81f-89e91564a584", "yes_price": 2, "yes_price_dollars": "0.0200"}
{"count": 1, "count_fp": "1.00", "created_time": "2026-02-10T18:34:36.08109Z", "no_price": 97, "no_price_dollars": "0.9700", "price": 0.03, "taker_side": "no", "ticker": "KXINX-26FEB10H1600-B7012", "trade_id": "bfcb1b4f-5d13-7a41-1519-dfed2cceb3a8", "yes_price": 3, "yes_price_dollars": "0.0300"}
{"count": 20, "count_fp": "20.00", "created_time": "2026-02-10T18:20:10.558698Z", "no_price": 96, "no_price_dollars": "0.9600", "price": 0.04, "taker_side": "yes", "ticker": "KXINX-26FEB10H1600-B7012", "trade_id": "7a91ea12-7912-4b17-caf5-b52d4ca6c6ce", "yes_price": 4, "yes_price_dollars": "0.0400"}
{"count": 380, "count_fp": "380.00", "created_time": "2026-02-10T18:19:39.026448Z", "no_price": 96, "no_price_dollars": "0.9600", "price": 0.04, "taker_side": "no", "ticker": "KXINX-26FEB10H1600-B7012", "trade_id": "d2f3b48f-ff17-7156-0947-f497c333036c", "yes_price": 4, "yes_price_dollars": "0.0400"}
{"count": 20, "count_fp": "20.00", "created_time": "2026-02-10T18:19:38.270156Z", "no_price": 96, "no_price_dollars": "0.9600", "price": 0.04, "taker_side": "yes", "ticker": "KXINX-26FEB10H1600-B7012", "trade_id": "76297eb2-bc11-5100-589b-2067b10b68f2", "yes_price": 4, "yes_price_dollars": "0.0400"}
{"count": 4, "count_fp": "4.00", "created_time": "2026-02-10T17:45:37.799502Z", "no_price": 91, "no_price_dollars": "0.9100", "price": 0.09, "taker_side": "yes", "ticker": "KXINX-26FEB10H1600-B7012", "trade_id": "2d72bb19-9f9b-4647-cf2f-32b27fb3e382", "yes_price": 9, "yes_price_dollars": "0.0900"}
{"count": 55, "count_fp": "55.00", "created_time": "2026-02-10T17:45:37.799502Z", "no_price": 92, "no_price_dollars": "0.9200", "price": 0.08, "taker_side": "yes", "ticker": "KXINX-26FEB10H1600-B7012", "trade_id": "24d6ffcb-635a-46ae-cd1a-b87da1180b2d", "yes_price": 8, "yes_price_dollars": "0.0800"}
{"count": 22, "count_fp": "22.00", "created_time": "2026-02-10T17:36:55.348622Z", "no_price": 94, "no_price_dollars": "0.9400", "price": 0.06, "taker_side": "yes", "ticker": "KXINX-26FEB10H1600-B7012", "trade_id": "490e62c1-1558-7296-ae7b-722c91b8ea02", "yes_price": 6, "yes_price_dollars": "0.0600"}
{"count": 8, "count_fp": "8.00", "created_time": "2026-02-10T17:36:55.348622Z", "no_price": 94, "no_price_dollars": "0.9400", "price": 0.06, "taker_side": "yes", "ticker": "KXINX-26FEB10H1600-B7012", "trade_id": "3a2841ea-896e-76a9-a940-18425f45b7f4", "yes_price": 6, "yes_price_dollars": "0.0600"}
{"count": 10, "count_fp": "10.00", "created_time": "2026-02-10T17:30:41.304604Z", "no_price": 94, "no_price_dollars": "0.9400", "price": 0.06, "taker_side": "no", "ticker": "KXINX-26FEB10H1600-B7012", "trade_id": "89ec151b-7db3-46be-d7fc-a0655658e225", "yes_price": 6, "yes_price_dollars": "0.0600"}
{"count": 20, "count_fp": "20.00", "created_time": "2026-02-10T17:25:48.745768Z", "no_price": 94, "no_price_dollars": "0.9400", "price": 0.06, "taker_side": "no", "ticker": "KXINX-26FEB10H1600-B7012", "trade_id": "5737a697-834b-5e26-1857-107697e5c4a1", "yes_price": 6, "yes_price_dollars": "0.0600"}
{"count": 2, "count_fp": "2.00", "created_time": "2026-02-10T17:12:11.710016Z", "no_price": 90, "no_price_dollars": "0.9000", "price": 0.1, "taker_side": "yes", "ticker": "KXINX-26FEB10H1600-B7012", "trade_id": "df7ab863-233c-6869-e743-105074ed856b", "yes_price": 10, "yes_price_dollars": "0.1000"}
{"count": 2, "count_fp": "2.00", "created_time": "2026-02-10T17:12:11.710016Z", "no_price": 90, "no_price_dollars": "0.9000", "price": 0.1, "taker_side": "yes", "ticker": "KXINX-26FEB10H1600-B7012", "trade_id": "26f6e4e5-064e-6524-c1e4-91c4773ad3c3", "yes_price": 10, "yes_price_dollars": "0.1000"}
{"count": 2, "count_fp": "2.00", "created_time": "2026-02-10T17:07:54.348075Z", "no_price": 95, "no_price_dollars": "0.9500", "price": 0.05, "taker_side": "no", "ticker": "KXINX-26FEB10H1600-B7012", "trade_id": "753dba59-bb7f-72fe-df28-d69bd9d7dc81", "yes_price": 5, "yes_price_dollars": "0.0500"}
{"count": 2, "count_fp": "2.00", "created_time": "2026-02-10T16:47:40.240405Z", "no_price": 92, "no_price_dollars": "0.9200", "price": 0.08, "taker_side": "no", "ticker": "KXINX-26FEB10H1600-B7012", "trade_id": "a4d18178-2ab8-6b0c-7a06-2b2500621c3e", "yes_price": 8, "yes_price_dollars": "0.0800"}
{"count": 2, "count_fp": "2.00", "created_time": "2026-02-10T16:40:26.811595Z", "no_price": 92, "no_price_dollars": "0.9200", "price": 0.08, "taker_side": "yes", "ticker": "KXINX-26FEB10H1600-B7012", "trade_id": "375ca23e-e7ef-7383-a0e0-c1ebf2485068", "yes_price": 8, "yes_price_dollars": "0.0800"}
{"count": 20, "count_fp": "20.00", "created_time": "2026-02-10T16:24:12.191885Z", "no_price": 94, "no_price_dollars": "0.9400", "price": 0.06, "taker_side": "yes", "ticker": "KXINX-26FEB10H1600-B7012", "trade_id": "6dea8a91-a26c-52e3-ae92-267d8c12a97a", "yes_price": 6, "yes_price_dollars": "0.0600"}
{"count": 9, "count_fp": "9.00", "created_time": "2026-02-10T16:22:52.756415Z", "no_price": 95, "no_price_dollars": "0.9500", "price": 0.05, "taker_side": "yes", "ticker": "KXINX-26FEB10H1600-B7012", "trade_id": "e4e11101-c02c-5540-bbc0-1a2f6c8c7efb", "yes_price": 5, "yes_price_dollars": "0.0500"}
{"count": 10, "count_fp": "10.00", "created_time": "2026-02-10T16:18:12.190794Z", "no_price": 90, "no_price_dollars": "0.9000", "price": 0.1, "taker_side": "yes", "ticker": "KXINX-26FEB10H1600-B7012", "trade_id": "bd06b25a-ee3d-59d6-b92d-fafea7c6b51b", "yes_price": 10, "yes_price_dollars": "0.1000"}
{"count": 1, "count_fp": "1.00", "created_time": "2026-02-10T16:18:12.190794Z", "no_price": 90, "no_price_dollars": "0.9000", "price": 0.1, "taker_side": "yes", "ticker": "KXINX-26FEB10H1600-B7012", "trade_id": "0c8cfdcd-5727-5e0f-98cb-1d5e420ba41f", "yes_price": 10, "yes_price_dollars": "0.1000"}
{"count": 19, "count_fp": "19.00", "created_time": "2026-02-10T16:18:11.503003Z", "no_price": 90, "no_price_dollars": "0.9000", "price": 0.1, "taker_side": "no", "ticker": "KXINX-26FEB10H1600-B7012", "trade_id": "1c0de7a6-8361-7552-5df7-e11f92863c97", "yes_price": 10, "yes_price_dollars": "0.1000"}
{"count": 160, "count_fp": "160.00", "created_time": "2026-02-10T16:17:27.099604Z", "no_price": 91, "no_price_dollars": "0.9100", "price": 0.09, "taker_side": "yes", "ticker": "KXINX-26FEB10H1600-B7012", "trade_id": "ff724397-b217-5b02-81f4-6c0eb0867fd0", "yes_price": 9, "yes_price_dollars": "0.0900"}
{"count": 5, "count_fp": "5.00", "created_time": "2026-02-10T16:17:27.099604Z", "no_price": 92, "no_price_dollars": "0.9200", "price": 0.08, "taker_side": "yes", "ticker": "KXINX-26FEB10H1600-B7012", "trade_id": "3d96884f-8b4d-5dbf-8288-a91a762e37c3", "yes_price": 8, "yes_price_dollars": "0.0800"}
{"count": 5, "count_fp": "5.00", "created_time": "2026-02-10T16:17:17.353549Z", "no_price": 92, "no_price_dollars": "0.9200", "price": 0.08, "taker_side": "yes", "ticker": "KXINX-26FEB10H1600-B7012", "trade_id": "80cd5984-8e51-540f-281c-c7a359bbc6db", "yes_price": 8, "yes_price_dollars": "0.0800"}
{"count": 20, "count_fp": "20.00", "created_time": "2026-02-10T16:17:16.050778Z", "no_price": 91, "no_price_dollars": "0.9100", "price": 0.09, "taker_side": "yes", "ticker": "KXINX-26FEB10H1600-B7012", "trade_id": "94f49205-8803-66e2-2492-a76c74d6c91c", "yes_price": 9, "yes_price_dollars": "0.0900"}
{"count": 20, "count_fp": "20.00", "created_time": "2026-02-10T16:17:12.65955Z", "no_price": 91, "no_price_dollars": "0.9100", "price": 0.09, "taker_side": "no", "ticker": "KXINX-26FEB10H1600-B7012", "trade_id": "65c4db53-a265-65c3-020b-e4823e65abc7", "yes_price": 9, "yes_price_dollars": "0.0900"}
{"count": 10, "count_fp": "10.00", "created_time": "2026-02-10T16:14:53.970981Z", "no_price": 91, "no_price_dollars": "0.9100", "price": 0.09, "taker_side": "no", "ticker": "KXINX-26FEB10H1600-B7012", "trade_id": "d22063ae-22bc-701c-0bdb-7c00e87fa025", "yes_price": 9, "yes_price_dollars": "0.0900"}
{"count": 4, "count_fp": "4.00", "created_time": "2026-02-10T15:52:56.818905Z", "no_price": 85, "no_price_dollars": "0.8500", "price": 0.15, "taker_side": "yes", "ticker": "KXINX-26FEB10H1600-B7012", "trade_id": "f596267e-7cf3-5191-0162-fca9640a432a", "yes_price": 15, "yes_price_dollars": "0.1500"}
{"count": 51, "count_fp": "51.00", "created_time": "2026-02-10T15:52:56.818905Z", "no_price": 85, "no_price_dollars": "0.8500", "price": 0.15, "taker_side": "yes", "ticker": "KXINX-26FEB10H1600-B7012", "trade_id": "84044c45-a6c7-542d-3e43-04569611eae4", "yes_price": 15, "yes_price_dollars": "0.1500"}
{"count": 4, "count_fp": "4.00", "created_time": "2026-02-10T15:52:49.404832Z", "no_price": 86, "no_price_dollars": "0.8600", "price": 0.14, "taker_side": "yes", "ticker": "KXINX-26FEB10H1600-B7012", "trade_id": "0f336956-7e96-5d14-102e-627f7e1dcf58", "yes_price": 14, "yes_price_dollars": "0.1400"}
{"count": 13, "count_fp": "13.00", "created_time": "2026-02-10T15:49:07.066965Z", "no_price": 83, "no_price_dollars": "0.8300", "price": 0.17, "taker_side": "no", "ticker": "KXINX-26FEB10H1600-B7012", "trade_id": "93bba21c-aa60-4a2b-5ab8-1dec39c83c09", "yes_price": 17, "yes_price_dollars": "0.1700"}
{"count": 20, "count_fp": "20.00", "created_time": "2026-02-10T15:48:59.579681Z", "no_price": 82, "no_price_dollars": "0.8200", "price": 0.18, "taker_side": "no", "ticker": "KXINX-26FEB10H1600-B7012", "trade_id": "74d654d3-7768-45df-4479-4ff84a357e98", "yes_price": 18, "yes_price_dollars": "0.1800"}
{"count": 28, "count_fp": "28.00", "created_time": "2026-02-10T15:37:50.654492Z", "no_price": 83, "no_price_dollars": "0.8300", "price": 0.17, "taker_side": "no", "ticker": "KXINX-26FEB10H1600-B7012", "trade_id": "3a6718b9-d7d3-7a36-ebd4-96c20550acd0", "yes_price": 17, "yes_price_dollars": "0.1700"}
{"count": 20, "count_fp": "20.00", "created_time": "2026-02-10T15:37:50.654492Z", "no_price": 83, "no_price_dollars": "0.8300", "price": 0.17, "taker_side": "no", "ticker": "KXINX-26FEB10H1600-B7012", "trade_id": "0f4912fe-1930-7578-efc7-b97d3985fae5", "yes_price": 17, "yes_price_dollars": "0.1700"}
{"count": 1, "count_fp": "1.00", "created_time": "2026-02-10T15:37:13.049676Z", "no_price": 81, "no_price_dollars": "0.8100", "price": 0.19, "taker_side": "no", "ticker": "KXINX-26FEB10H1600-B7012", "trade_id": "bea17829-44ed-43b1-fcc8-835b1497a484", "yes_price": 19, "yes_price_dollars": "0.1900"}
{"count": 15, "count_fp": "15.00", "created_time": "2026-02-10T15:37:02.684553Z", "no_price": 81, "no_price_dollars": "0.8100", "price": 0.19, "taker_side": "no", "ticker": "KXINX-26FEB10H1600-B7012", "trade_id": "11177c86-b894-7f7f-f991-b98c2ab69128", "yes_price": 19, "yes_price_dollars": "0.1900"}
{"count": 200, "count_fp": "200.00", "created_time": "2026-02-10T15:27:18.732466Z", "no_price": 76, "no_price_dollars": "0.7600", "price": 0.24, "taker_side": "no", "ticker": "KXINX-26FEB10H1600-B7012", "trade_id": "29f29d42-c16b-7152-d966-96dcf6c4ac4b", "yes_price": 24, "yes_price_dollars": "0.2400"}
{"count": 8, "count_fp": "8.00", "created_time": "2026-02-10T15:26:18.84011Z", "no_price": 99, "no_price_dollars": "0.9900", "price": 0.01, "taker_side": "no", "ticker": "KXINX-26FEB10H1600-B7012", "trade_id": "49b8e8da-2d0a-7d9a-847f-18528987caaf", "yes_price": 1, "yes_price_dollars": "0.0100"}
{"count": 8, "count_fp": "8.00", "created_time": "2026-02-10T15:21:15.247484Z", "no_price": 73, "no_price_dollars": "0.7300", "price": 0.27, "taker_side": "yes", "ticker": "KXINX-26FEB10H1600-B7012", "trade_id": "c5ca3d9b-6f31-63b0-666c-69815b1a8322", "yes_price": 27, "yes_price_dollars": "0.2700"}
{"count": 45, "count_fp": "45.00", "created_time": "2026-02-10T15:00:17.822011Z", "no_price": 77, "no_price_dollars": "0.7700", "price": 0.23, "taker_side": "no", "ticker": "KXINX-26FEB10H1600-B7012", "trade_id": "94263628-9407-7432-e20b-2f2fef00052c", "yes_price": 23, "yes_price_dollars": "0.2300"}
{"count": 1, "count_fp": "1.00", "created_time": "2026-02-10T15:00:07.644861Z", "no_price": 77, "no_price_dollars": "0.7700", "price": 0.23, "taker_side": "no", "ticker": "KXINX-26FEB10H1600-B7012", "trade_id": "2e96fb7c-bbe4-7444-5a0e-e514fb7ebb54", "yes_price": 23, "yes_price_dollars": "0.2300"}
{"count": 2, "count_fp": "2.00", "created_time": "2026-02-10T14:41:11.039148Z", "no_price": 81, "no_price_dollars": "0.8100", "price": 0.19, "taker_side": "no", "ticker": "KXINX-26FEB10H1600-B7012", "trade_id": "eaca5e11-e5c1-7ae3-cc4d-352428a43263", "yes_price": 19, "yes_price_dollars": "0.1900"}
{"count": 2, "count_fp": "2.00", "created_time": "2026-02-10T14:41:11.039148Z", "no_price": 82, "no_price_dollars": "0.8200", "price": 0.18, "taker_side": "no", "ticker": "KXINX-26FEB10H1600-B7012", "trade_id": "7fb17e88-e336-7639-c21e-cdc4f0ac02d2", "yes_price": 18, "yes_price_dollars": "0.1800"}
{"count": 16, "count_fp": "16.00", "created_time": "2026-02-10T14:41:11.039148Z", "no_price": 82, "no_price_dollars": "0.8200", "price": 0.18, "taker_side": "no", "ticker": "KXINX-26FEB10H1600-B7012", "trade_id": "2d4c7f2f-afb4-78eb-fdef-6ba49eea43f7", "yes_price": 18, "yes_price_dollars": "0.1800"}
{"count": 12, "count_fp": "12.00", "created_time": "2026-02-10T14:34:12.924715Z", "no_price": 69, "no_price_dollars": "0.6900", "price": 0.31, "taker_side": "yes", "ticker": "KXINX-26FEB10H1600-B7012", "trade_id": "d9024b4c-f3ee-70e6-6e0d-dbf900cffdad", "yes_price": 31, "yes_price_dollars": "0.3100"}
{"count": 3, "count_fp": "3.00", "created_time": "2026-02-10T14:34:12.924715Z", "no_price": 69, "no_price_dollars": "0.6900", "price": 0.31, "taker_side": "yes", "ticker": "KXINX-26FEB10H1600-B7012", "trade_id": "7d47625a-7f00-7b42-4145-8c0038428acc", "yes_price": 31, "yes_price_dollars": "0.3100"}
{"count": 12, "count_fp": "12.00", "created_time": "2026-02-10T14:34:12.924715Z", "no_price": 63, "no_price_dollars": "0.6300", "price": 0.37, "taker_side": "yes", "ticker": "KXINX-26FEB10H1600-B7012", "trade_id": "4cf80348-93fb-7655-5f55-ac202bd118e0", "yes_price": 37, "yes_price_dollars": "0.3700"}
{"count": 1, "count_fp": "1.00", "created_time": "2026-02-10T14:34:12.924715Z", "no_price": 55, "no_price_dollars": "0.5500", "price": 0.45, "taker_side": "yes", "ticker": "KXINX-26FEB10H1600-B7012", "trade_id": "05ee7ca4-9b4e-7064-59e4-3b5ba40bcd28", "yes_price": 45, "yes_price_dollars": "0.4500"}
{"count": 11, "count_fp": "11.00", "created_time": "2026-02-10T14:30:12.276429Z", "no_price": 82, "no_price_dollars": "0.8200", "price": 0.18, "taker_side": "yes", "ticker": "KXINX-26FEB10H1600-B7012", "trade_id": "94ae33f7-326d-61d8-8de9-4e92479572b9", "yes_price": 18, "yes_price_dollars": "0.1800"}
{"count": 10, "count_fp": "10.00", "created_time": "2026-02-10T14:20:56.624188Z", "no_price": 82, "no_price_dollars": "0.8200", "price": 0.18, "taker_side": "yes", "ticker": "KXINX-26FEB10H1600-B7012", "trade_id": "28ff4a5e-8cfe-4398-0bdf-552bbbdd8691", "yes_price": 18, "yes_price_dollars": "0.1800"}
{"count": 15, "count_fp": "15.00", "created_time": "2026-02-10T14:19:18.501108Z", "no_price": 82, "no_price_dollars": "0.8200", "price": 0.18, "taker_side": "no", "ticker": "KXINX-26FEB10H1600-B7012", "trade_id": "522e03c3-2ba4-60c5-f0fa-4cd30b7dc4f5", "yes_price": 18, "yes_price_dollars": "0.1800"}
{"count": 100, "count_fp": "100.00", "created_time": "2026-02-10T14:15:05.49427Z", "no_price": 83, "no_price_dollars": "0.8300", "price": 0.17, "taker_side": "no", "ticker": "KXINX-26FEB10H1600-B7012", "trade_id": "4f272a30-fc88-631f-f807-4273414923f5", "yes_price": 17, "yes_price_dollars": "0.1700"}
{"count": 625, "count_fp": "625.00", "created_time": "2026-02-10T14:13:51.028188Z", "no_price": 84, "no_price_dollars": "0.8400", "price": 0.16, "taker_side": "no", "ticker": "KXINX-26FEB10H1600-B7012", "trade_id": "78996a1b-4bf1-6910-ec0c-4d7d332a6159", "yes_price": 16, "yes_price_dollars": "0.1600"}
{"count": 28, "count_fp": "28.00", "created_time": "2026-02-10T14:13:48.772714Z", "no_price": 83, "no_price_dollars": "0.8300", "price": 0.17, "taker_side": "yes", "ticker": "KXINX-26FEB10H1600-B7012", "trade_id": "f32dbee3-74ea-67fc-3e38-25d764c6a659", "yes_price": 17, "yes_price_dollars": "0.1700"}
{"count": 121, "count_fp": "121.00", "created_time": "2026-02-10T14:06:50.647984Z", "no_price": 84, "no_price_dollars": "0.8400", "price": 0.16, "taker_side": "yes", "ticker": "KXINX-26FEB10H1600-B7012", "trade_id": "5a05fe52-45a2-5e70-1a67-2a914eae08c5", "yes_price": 16, "yes_price_dollars": "0.1600"}
{"count": 30, "count_fp": "30.00", "created_time": "2026-02-10T14:05:06.953826Z", "no_price": 84, "no_price_dollars": "0.8400", "price": 0.16, "taker_side": "yes", "ticker": "KXINX-26FEB10H1600-B7012", "trade_id": "464d446c-9986-60f8-5c7f-c0e01ec62df5", "yes_price": 16, "yes_price_dollars": "0.1600"}
{"count": 138, "count_fp": "138.00", "created_time": "2026-02-10T13:54:41.594865Z", "no_price": 86, "no_price_dollars": "0.8600", "price": 0.14, "taker_side": "yes", "ticker": "KXINX-26FEB10H1600-B7012", "trade_id": "04e812b3-6b76-7c98-ef95-3c54b745fa15", "yes_price": 14, "yes_price_dollars": "0.1400"}
{"count": 138, "count_fp": "138.00", "created_time": "2026-02-10T13:54:22.796438Z", "no_price": 86, "no_price_dollars": "0.8600", "price": 0.14, "taker_side": "yes", "ticker": "KXINX-26FEB10H1600-B7012", "trade_id": "e9d7c390-9cf6-5708-0a90-65324c9f85ad", "yes_price": 14, "yes_price_dollars": "0.1400"}
{"count": 173, "count_fp": "173.00", "created_time": "2026-02-10T13:52:18.430115Z", "no_price": 86, "no_price_dollars": "0.8600", "price": 0.14, "taker_side": "yes", "ticker": "KXINX-26FEB10H1600-B7012", "trade_id": "4e422bed-ee36-5bb0-00bf-9f396f67d5f9", "yes_price": 14, "yes_price_dollars": "0.1400"}
{"count": 27, "count_fp": "27.00", "created_time": "2026-02-10T13:51:02.498982Z", "no_price": 86, "no_price_dollars": "0.8600", "price": 0.14, "taker_side": "yes", "ticker": "KXINX-26FEB10H1600-B7012", "trade_id": "0eeb9fcf-f1fe-4958-3e31-46f9e3eb70a9", "yes_price": 14, "yes_price_dollars": "0.1400"}
{"count": 186, "count_fp": "186.00", "created_time": "2026-02-10T13:49:26.370065Z", "no_price": 87, "no_price_dollars": "0.8700", "price": 0.13, "taker_side": "yes", "ticker": "KXINX-26FEB10H1600-B7012", "trade_id": "13ce6f6e-340e-5248-99a4-b7f634ecd1f9", "yes_price": 13, "yes_price_dollars": "0.1300"}
{"count": 32, "count_fp": "32.00", "created_time": "2026-02-10T09:40:09.541873Z", "no_price": 70, "no_price_dollars": "0.7000", "price": 0.3, "taker_side": "yes", "ticker": "KXINX-26FEB10H1600-B7012", "trade_id": "d6db1e2f-7c2b-4f47-f7b3-a29194564cc4", "yes_price": 30, "yes_price_dollars": "0.3000"}
{"count": 55, "count_fp": "55.00", "created_time": "2026-02-10T20:41:54.840417Z", "no_price": 99, "no_price_dollars": "0.9900", "price": 0.01, "taker_side": "no", "ticker": "KXINX-26FEB10H1600-B6987", "trade_id": "125f8026-f1e4-7881-23bc-115341dd22ec", "yes_price": 1, "yes_price_dollars": "0.0100"}
{"count": 5, "count_fp": "5.00", "created_time": "2026-02-10T20:12:22.032003Z", "no_price": 94, "no_price_dollars": "0.9400", "price": 0.06, "taker_side": "yes", "ticker": "KXINX-26FEB10H1600-B6987", "trade_id": "84492d2b-42e7-496f-8eb7-de18abf2ae6a", "yes_price": 6, "yes_price_dollars": "0.0600"}
{"count": 29, "count_fp": "29.00", "created_time": "2026-02-10T20:12:22.032003Z", "no_price": 94, "no_price_dollars": "0.9400", "price": 0.06, "taker_side": "yes", "ticker": "KXINX-26FEB10H1600-B6987", "trade_id": "0d72811e-f985-4164-991f-ebc98d9f49e6", "yes_price": 6, "yes_price_dollars": "0.0600"}
{"count": 100, "count_fp": "100.00", "created_time": "2026-02-10T20:02:43.13697Z", "no_price": 85, "no_price_dollars": "0.8500", "price": 0.15, "taker_side": "no", "ticker": "KXINX-26FEB10H1600-B6987", "trade_id": "e46aca74-c9fd-78c7-b6ec-ae317a45dff3", "yes_price": 15, "yes_price_dollars": "0.1500"}
{"count": 20, "count_fp": "20.00", "created_time": "2026-02-10T19:55:26.769157Z", "no_price": 90, "no_price_dollars": "0.9000", "price": 0.1, "taker_side": "yes", "ticker": "KXINX-26FEB10H1600-B6987", "trade_id": "f5d3838a-e153-5900-589e-4e277f2a4d27", "yes_price": 10, "yes_price_dollars": "0.1000"}
{"count": 20, "count_fp": "20.00", "created_time": "2026-02-10T19:41:55.254707Z", "no_price": 88, "no_price_dollars": "0.8800", "price": 0.12, "taker_side": "yes", "ticker": "KXINX-26FEB10H1600-B6987", "trade_id": "dd73b9ff-6a08-73d5-5173-11b00906def4", "yes_price": 12, "yes_price_dollars": "0.1200"}
{"count": 10, "count_fp": "10.00", "created_time": "2026-02-10T19:41:55.254707Z", "no_price": 88, "no_price_dollars": "0.8800", "price": 0.12, "taker_side": "yes", "ticker": "KXINX-26FEB10H1600-B6987", "trade_id": "67851942-6473-710f-5c3d-a6b1a45eca7f", "yes_price": 12, "yes_price_dollars": "0.1200"}
{"count": 46, "count_fp": "46.00", "created_time": "2026-02-10T19:41:55.254707Z", "no_price": 87, "no_price_dollars": "0.8700", "price": 0.13, "taker_side": "yes", "ticker": "KXINX-26FEB10H1600-B6987", "trade_id": "0ee90040-7fc2-765d-7af2-60bacfc73ed1", "yes_price": 13, "yes_price_dollars": "0.1300"}
{"count": 20, "count_fp": "20.00", "created_time": "2026-02-10T19:39:48.541846Z", "no_price": 93, "no_price_dollars": "0.9300", "price": 0.07, "taker_side": "no", "ticker": "KXINX-26FEB10H1600-B6987", "trade_id": "c07292c3-1bb4-7115-81f1-8ca9e4619a56", "yes_price": 7, "yes_price_dollars": "0.0700"}
{"count": 23, "count_fp": "23.00", "created_time": "2026-02-10T19:39:23.244586Z", "no_price": 90, "no_price_dollars": "0.9000", "price": 0.1, "taker_side": "yes", "ticker": "KXINX-26FEB10H1600-B6987", "trade_id": "f1fac0b2-6521-5145-5922-3a07b70a462d", "yes_price": 10, "yes_price_dollars": "0.1000"}
{"count": 4, "count_fp": "4.00", "created_time": "2026-02-10T19:39:23.244586Z", "no_price": 89, "no_price_dollars": "0.8900", "price": 0.11, "taker_side": "yes", "ticker": "KXINX-26FEB10H1600-B6987", "trade_id": "ac032cb8-3ffd-58a6-418f-dd87bb8e7b90", "yes_price": 11, "yes_price_dollars": "0.1100"}
{"count": 20, "count_fp": "20.00", "created_time": "2026-02-10T19:39:23.244586Z", "no_price": 90, "no_price_dollars": "0.9000", "price": 0.1, "taker_side": "yes", "ticker": "KXINX-26FEB10H1600-B6987", "trade_id": "1c627af4-b7b1-5ad0-5756-4089ac20b269", "yes_price": 10, "yes_price_dollars": "0.1000"}
{"count": 5, "count_fp": "5.00", "created_time": "2026-02-10T19:39:23.244586Z", "no_price": 89, "no_price_dollars": "0.8900", "price": 0.11, "taker_side": "yes", "ticker": "KXINX-26FEB10H1600-B6987", "trade_id": "1120ff8d-c7f8-51ee-5c95-821707a92c48", "yes_price": 11, "yes_price_dollars": "0.1100"}
{"count": 5, "count_fp": "5.00", "created_time": "2026-02-10T19:38:13.926242Z", "no_price": 88, "no_price_dollars": "0.8800", "price": 0.12, "taker_side": "yes", "ticker": "KXINX-26FEB10H1600-B6987", "trade_id": "b522f646-a902-564c-84a4-e019f97793e1", "yes_price": 12, "yes_price_dollars": "0.1200"}
{"count": 16, "count_fp": "16.00", "created_time": "2026-02-10T19:38:13.926242Z", "no_price": 88, "no_price_dollars": "0.8800", "price": 0.12, "taker_side": "yes", "ticker": "KXINX-26FEB10H1600-B6987", "trade_id": "9e97a902-ba8a-5624-80ce-6d0a633c1698", "yes_price": 12, "yes_price_dollars": "0.1200"}
{"count": 109, "count_fp": "109.00", "created_time": "2026-02-10T19:38:13.926242Z", "no_price": 87, "no_price_dollars": "0.8700", "price": 0.13, "taker_side": "yes", "ticker": "KXINX-26FEB10H1600-B6987", "trade_id": "75cbfad6-9d4a-5a85-ad68-0a256f2cbfd1", "yes_price": 13, "yes_price_dollars": "0.1300"}
{"count": 20, "count_fp": "20.00", "created_time": "2026-02-10T19:38:13.926242Z", "no_price": 88, "no_price_dollars": "0.8800", "price": 0.12, "taker_side": "yes", "ticker": "KXINX-26FEB10H1600-B6987", "trade_id": "174285d8-5cd7-587d-aac1-b9bd5a8c0da3", "yes_price": 12, "yes_price_dollars": "0.1200"}
{"count": 10, "count_fp": "10.00", "created_time": "2026-02-10T19:33:52.084159Z", "no_price": 90, "no_price_dollars": "0.9000", "price": 0.1, "taker_side": "no", "ticker": "KXINX-26FEB10H1600-B6987", "trade_id": "f9309796-6efe-6cf9-6d4a-1687718d6eae", "yes_price": 10, "yes_price_dollars": "0.1000"}
{"count": 1, "count_fp": "1.00", "created_time": "2026-02-10T19:32:05.148884Z", "no_price": 88, "no_price_dollars": "0.8800", "price": 0.12, "taker_side": "yes", "ticker": "KXINX-26FEB10H1600-B6987", "trade_id": "dbc8a31a-0874-67c4-8147-e2414891fe37", "yes_price": 12, "yes_price_dollars": "0.1200"}
{"count": 19, "count_fp": "19.00", "created_time": "2026-02-10T19:32:05.148884Z", "no_price": 88, "no_price_dollars": "0.8800", "price": 0.12, "taker_side": "yes", "ticker": "KXINX-26FEB10H1600-B6987", "trade_id": "68b3f452-caab-6a5b-861c-233d5145e2f8", "yes_price": 12, "yes_price_dollars": "0.1200"}
{"count": 20, "count_fp": "20.00", "created_time": "2026-02-10T19:30:10.502816Z", "no_price": 91, "no_price_dollars": "0.9100", "price": 0.09, "taker_side": "no", "ticker": "KXINX-26FEB10H1600-B6987", "trade_id": "b50d5a41-bc97-5af0-b3c7-f003aa106e84", "yes_price": 9, "yes_price_dollars": "0.0900"}
{"count": 20, "count_fp": "20.00", "created_time": "2026-02-10T19:25:44.657844Z", "no_price": 84, "no_price_dollars": "0.8400", "price": 0.16, "taker_side": "yes", "ticker": "KXINX-26FEB10H1600-B6987", "trade_id": "fc8964f4-0d6f-708f-b361-2bbc5635df39", "yes_price": 16, "yes_price_dollars": "0.1600"}
{"count": 7, "count_fp": "7.00", "created_time": "2026-02-10T19:25:44.657844Z", "no_price": 83, "no_price_dollars": "0.8300", "price": 0.17, "taker_side": "yes", "ticker": "KXINX-26FEB10H1600-B6987", "trade_id": "d8da2912-cfdf-7147-944b-a24e2e1ced97", "yes_price": 17, "yes_price_dollars": "0.1700"}
{"count": 2, "count_fp": "2.00", "created_time": "2026-02-10T19:25:44.657844Z", "no_price": 83, "no_price_dollars": "0.8300", "price": 0.17, "taker_side": "yes", "ticker": "KXINX-26FEB10H1600-B6987", "trade_id": "6ae0d550-711e-7427-9d18-367b05799a8b", "yes_price": 17, "yes_price_dollars": "0.1700"}
{"count": 20, "count_fp": "20.00", "created_time": "2026-02-10T19:23:50.42988Z", "no_price": 84, "no_price_dollars": "0.8400", "price": 0.16, "taker_side": "yes", "ticker": "KXINX-26FEB10H1600-B6987", "trade_id": "ff66046c-dcd0-54ed-885d-cb915be7d0c3", "yes_price": 16, "yes_price_dollars": "0.1600"}
{"count": 2, "count_fp": "2.00", "created_time": "2026-02-10T19:23:50.42988Z", "no_price": 3, "no_price_dollars": "0.0300", "price": 0.97, "taker_side": "yes", "ticker": "KXINX-26FEB10H1600-B6987", "trade_id": "26cd5c9f-7cad-58a3-9412-d110bec5c747", "yes_price": 97, "yes_price_dollars": "0.9700"}
{"count": 15, "count_fp": "15.00", "created_time": "2026-02-10T19:23:50.42988Z", "no_price": 2, "no_price_dollars": "0.0200", "price": 0.98, "taker_side": "yes", "ticker": "KXINX-26FEB10H1600-B6987", "trade_id": "095a4839-583c-534f-92c7-4500b056f0dc", "yes_price": 98, "yes_price_dollars": "0.9800"}
{"count": 6, "count_fp": "6.00", "created_time": "2026-02-10T19:12:27.252667Z", "no_price": 88, "no_price_dollars": "0.8800", "price": 0.12, "taker_side": "yes", "ticker": "KXINX-26FEB10H1600-B6987", "trade_id": "adf18682-1e98-6eb1-7f77-dbdad88142f1", "yes_price": 12, "yes_price_dollars": "0.1200"}
{"count": 20, "count_fp": "20.00", "created_time": "2026-02-10T19:12:27.252667Z", "no_price": 87, "no_price_dollars": "0.8700", "price": 0.13, "taker_side": "yes", "ticker": "KXINX-26FEB10H1600-B6987", "trade_id": "0ac7f666-f910-6b9b-7d96-2a31bfc9d4ef", "yes_price": 13, "yes_price_dollars": "0.1300"}
{"count": 11, "count_fp": "11.00", "created_time": "2026-02-10T19:12:19.189714Z", "no_price": 98, "no_price_dollars": "0.9800", "price": 0.02, "taker_side": "no", "ticker": "KXINX-26FEB10H1600-B6987", "trade_id": "9ec7e9b4-e6d5-4c6d-236c-6353171fa384", "yes_price": 2, "yes_price_dollars": "0.0200"}
{"count": 19, "count_fp": "19.00", "created_time": "2026-02-10T19:12:19.189714Z", "no_price": 98, "no_price_dollars": "0.9800", "price": 0.02, "taker_side": "no", "ticker": "KXINX-26FEB10H1600-B6987", "trade_id": "7ccdcd06-e71a-4eb6-16bc-3b437ee5284e", "yes_price": 2, "yes_price_dollars": "0.0200"}
{"count": 20, "count_fp": "20.00", "created_time": "2026-02-10T19:08:18.638405Z", "no_price": 87, "no_price_dollars": "0.8700", "price": 0.13, "taker_side": "yes", "ticker": "KXINX-26FEB10H1600-B6987", "trade_id": "dcdf4349-a60c-69b7-ac83-cfdf7f8871d6", "yes_price": 13, "yes_price_dollars": "0.1300"}
{"count": 20, "count_fp": "20.00", "created_time": "2026-02-10T18:57:20.012546Z", "no_price": 90, "no_price_dollars": "0.9000", "price": 0.1, "taker_side": "yes", "ticker": "KXINX-26FEB10H1600-B6987", "trade_id": "a3f8eae3-f743-48e5-4a1e-6e1a6078a6ec", "yes_price": 10, "yes_price_dollars": "0.1000"}
{"count": 16, "count_fp": "16.00", "created_time": "2026-02-10T18:57:20.012546Z", "no_price": 2, "no_price_dollars": "0.0200", "price": 0.98, "taker_side": "yes", "ticker": "KXINX-26FEB10H1600-B6987", "trade_id": "110b642b-3fb5-47d7-7c7a-0930e5e50a39", "yes_price": 98, "yes_price_dollars": "0.9800"}
{"count": 10, "count_fp": "10.00", "created_time": "2026-02-10T18:53:02.0225Z", "no_price": 91, "no_price_dollars": "0.9100", "price": 0.09, "taker_side": "yes", "ticker": "KXINX-26FEB10H1600-B6987", "trade_id": "141e4864-49cc-611c-7622-061b0c31b2f9", "yes_price": 9, "yes_price_dollars": "0.0900"}
{"count": 4, "count_fp": "4.00", "created_time": "2026-02-10T18:50:45.211177Z", "no_price": 92, "no_price_dollars": "0.9200", "price": 0.08, "taker_side": "yes", "ticker": "KXINX-26FEB10H1600-B6987", "trade_id": "a9d03a62-982b-571f-9a08-fe0dab524a06", "yes_price": 8, "yes_price_dollars": "0.0800"}
{"count": 400, "count_fp": "400.00", "created_time": "2026-02-10T18:46:31.041765Z", "no_price": 92, "no_price_dollars": "0.9200", "price": 0.08, "taker_side": "yes", "ticker": "KXINX-26FEB10H1600-B6987", "trade_id": "d83ce1e4-71af-5208-8cb8-90e289172972", "yes_price": 8, "yes_price_dollars": "0.0800"}
{"count": 5, "count_fp": "5.00", "created_time": "2026-02-10T18:46:31.041765Z", "no_price": 92, "no_price_dollars": "0.9200", "price": 0.08, "taker_side": "yes", "ticker": "KXINX-26FEB10H1600-B6987", "trade_id": "4b03ff6c-c47d-5e6b-9b91-421c0958644d", "yes_price": 8, "yes_price_dollars": "0.0800"}
{"count": 9, "count_fp": "9.00", "created_time": "2026-02-10T18:39:18.940415Z", "no_price": 84, "no_price_dollars": "0.8400", "price": 0.16, "taker_side": "yes", "ticker": "KXINX-26FEB10H1600-B6987", "trade_id": "b943636a-4111-51ed-9c0d-10f9550152cb", "yes_price": 16, "yes_price_dollars": "0.1600"}
{"count": 18, "count_fp": "18.00", "created_time": "2026-02-10T18:39:18.596721Z", "no_price": 83, "no_price_dollars": "0.8300", "price": 0.17, "taker_side": "no", "ticker": "KXINX-26FEB10H1600-B6987", "trade_id": "61a90ea1-b556-4dc7-f168-7cd837c68c87", "yes_price": 17, "yes_price_dollars": "0.1700"}
{"count": 10, "count_fp": "10.00", "created_time": "2026-02-10T18:34:41.529637Z", "no_price": 91, "no_price_dollars": "0.9100", "price": 0.09, "taker_side": "yes", "ticker": "KXINX-26FEB10H1600-B6987", "trade_id": "8918adba-d5e7-624d-8c5f-7011e038f101", "yes_price": 9, "yes_price_dollars": "0.0900"}
{"count": 10, "count_fp": "10.00", "created_time": "2026-02-10T18:34:41.529637Z", "no_price": 91, "no_price_dollars": "0.9100", "price": 0.09, "taker_side": "yes", "ticker": "KXINX-26FEB10H1600-B6987", "trade_id": "52c26fe9-2737-6088-b199-08734e4b4e66", "yes_price": 9, "yes_price_dollars": "0.0900"}
{"count": 10, "count_fp": "10.00", "created_time": "2026-02-10T18:34:17.774552Z", "no_price": 88, "no_price_dollars": "0.8800", "price": 0.12, "taker_side": "yes", "ticker": "KXINX-26FEB10H1600-B6987", "trade_id": "0c6ea45a-4dfa-5e26-541c-141ee016a8d1", "yes_price": 12, "yes_price_dollars": "0.1200"}
{"count": 9, "count_fp": "9.00", "created_time": "2026-02-10T18:32:27.119161Z", "no_price": 90, "no_price_dollars": "0.9000", "price": 0.1, "taker_side": "no", "ticker": "KXINX-26FEB10H1600-B6987", "trade_id": "c1480a13-ca9f-6ebb-8a90-7c882d80239e", "yes_price": 10, "yes_price_dollars": "0.1000"}
{"count": 20, "count_fp": "20.00", "created_time": "2026-02-10T18:32:19.134415Z", "no_price": 92, "no_price_dollars": "0.9200", "price": 0.08, "taker_side": "no", "ticker": "KXINX-26FEB10H1600-B6987", "trade_id": "14482173-3ab1-5934-fbd5-85e3292443f2", "yes_price": 8, "yes_price_dollars": "0.0800"}
{"count": 20, "count_fp": "20.00", "created_time": "2026-02-10T18:30:58.723568Z", "no_price": 88, "no_price_dollars": "0.8800", "price": 0.12, "taker_side": "no", "ticker": "KXINX-26FEB10H1600-B6987", "trade_id": "978d6a01-c39f-6bdd-a47e-e557eab729ff", "yes_price": 12, "yes_price_dollars": "0.1200"}
{"count": 20, "count_fp": "20.00", "created_time": "2026-02-10T18:30:51.873928Z", "no_price": 86, "no_price_dollars": "0.8600", "price": 0.14, "taker_side": "no", "ticker": "KXINX-26FEB10H1600-B6987", "trade_id": "78f9d2d9-1778-5f56-3f31-11fec1b428c6", "yes_price": 14, "yes_price_dollars": "0.1400"}
{"count": 20, "count_fp": "20.00", "created_time": "2026-02-10T18:30:36.633756Z", "no_price": 86, "no_price_dollars": "0.8600", "price": 0.14, "taker_side": "no", "ticker": "KXINX-26FEB10H1600-B6987", "trade_id": "60b29a63-1272-5695-6e7b-27c154848d6f", "yes_price": 14, "yes_price_dollars": "0.1400"}
{"count": 20, "count_fp": "20.00", "created_time": "2026-02-10T18:30:36.633756Z", "no_price": 87, "no_price_dollars": "0.8700", "price": 0.13, "taker_side": "no", "ticker": "KXINX-26FEB10H1600-B6987", "trade_id": "375b3b55-7414-55c3-4b6a-ea862d62ea1b", "yes_price": 13, "yes_price_dollars": "0.1300"}
{"count": 20, "count_fp": "20.00", "created_time": "2026-02-10T18:28:21.909829Z", "no_price": 87, "no_price_dollars": "0.8700", "price": 0.13, "taker_side": "yes", "ticker": "KXINX-26FEB10H1600-B6987", "trade_id": "fcaf64a7-544a-410e-fd9e-a44103867371", "yes_price": 13, "yes_price_dollars": "0.1300"}
{"count": 19, "count_fp": "19.00", "created_time": "2026-02-10T18:22:38.344582Z", "no_price": 75, "no_price_dollars": "0.7500", "price": 0.25, "taker_side": "yes", "ticker": "KXINX-26FEB10H1600-B6987", "trade_id": "4e19f7fa-efed-4a2a-df41-2f04c15f9091", "yes_price": 25, "yes_price_dollars": "0.2500"}
{"count": 20, "count_fp": "20.00", "created_time": "2026-02-10T18:20:45.157555Z", "no_price": 79, "no_price_dollars": "0.7900", "price": 0.21, "taker_side": "no", "ticker": "KXINX-26FEB10H1600-B6987", "trade_id": "51d4d183-ac0e-7a7a-4687-0df4e9e166de", "yes_price": 21, "yes_price_dollars": "0.2100"}
{"count": 20, "count_fp": "20.00", "created_time": "2026-02-10T18:20:08.784589Z", "no_price": 76, "no_price_dollars": "0.7600", "price": 0.24, "taker_side": "no", "ticker": "KXINX-26FEB10H1600-B6987", "trade_id": "34e4f753-0447-7b91-544e-3b36cad87fb7", "yes_price": 24, "yes_price_dollars": "0.2400"}
{"count": 18, "count_fp": "18.00", "created_time": "2026-02-10T18:20:08.133584Z", "no_price": 74, "no_price_dollars": "0.7400", "price": 0.26, "taker_side": "yes", "ticker": "KXINX-26FEB10H1600-B6987", "trade_id": "fec771df-50a0-57c1-bf33-fbf43afba574", "yes_price": 26, "yes_price_dollars": "0.2600"}
{"count": 20, "count_fp": "20.00", "created_time": "2026-02-10T18:19:28.500443Z", "no_price": 78, "no_price_dollars": "0.7800", "price": 0.22, "taker_side": "no", "ticker": "KXINX-26FEB10H1600-B6987", "trade_id": "4651d419-b3dd-7600-53f5-93ad92a58085", "yes_price": 22, "yes_price_dollars": "0.2200"}
{"count": 20, "count_fp": "20.00", "created_time": "2026-02-10T18:16:31.833532Z", "no_price": 76, "no_price_dollars": "0.7600", "price": 0.24, "taker_side": "no", "ticker": "KXINX-26FEB10H1600-B6987", "trade_id": "f6de5735-95bc-44f3-ff41-f2efb0a7376e", "yes_price": 24, "yes_price_dollars": "0.2400"}
{"count": 20, "count_fp": "20.00", "created_time": "2026-02-10T18:14:32.247884Z", "no_price": 66, "no_price_dollars": "0.6600", "price": 0.34, "taker_side": "no", "ticker": "KXINX-26FEB10H1600-B6987", "trade_id": "4843b8a8-3f64-4d18-cbe3-f7a33a93705b", "yes_price": 34, "yes_price_dollars": "0.3400"}
{"count": 2, "count_fp": "2.00", "created_time": "2026-02-10T18:09:51.710317Z", "no_price": 62, "no_price_dollars": "0.6200", "price": 0.38, "taker_side": "yes", "ticker": "KXINX-26FEB10H1600-B6987", "trade_id": "b0d004da-cd9e-6a2c-1bc2-c874ce6ed07a", "yes_price": 38, "yes_price_dollars": "0.3800"}
{"count": 1, "count_fp": "1.00", "created_time": "2026-02-10T18:08:56.048887Z", "no_price": 61, "no_price_dollars": "0.6100", "price": 0.39, "taker_side": "yes", "ticker": "KXINX-26FEB10H1600-B6987", "trade_id": "464e5f0c-7192-5dc4-e404-01c9b9fac55a", "yes_price": 39, "yes_price_dollars": "0.3900"}
{"count": 20, "count_fp": "20.00", "created_time": "2026-02-10T18:08:52.379817Z", "no_price": 62, "no_price_dollars": "0.6200", "price": 0.38, "taker_side": "no", "ticker": "KXINX-26FEB10H1600-B6987", "trade_id": "a8d2be28-b360-4044-f0ee-d7622c96b0c0", "yes_price": 38, "yes_price_dollars": "0.3800"}
{"count": 4, "count_fp": "4.00", "created_time": "2026-02-10T18:08:10.492656Z", "no_price": 60, "no_price_dollars": "0.6000", "price": 0.4, "taker_side": "yes", "ticker": "KXINX-26FEB10H1600-B6987", "trade_id": "c9784af0-7562-65b4-72e5-c89cbf0a6e86", "yes_price": 40, "yes_price_dollars": "0.4000"}
{"count": 20, "count_fp": "20.00", "created_time": "2026-02-10T18:08:10.492656Z", "no_price": 60, "no_price_dollars": "0.6000", "price": 0.4, "taker_side": "yes", "ticker": "KXINX-26FEB10H1600-B6987", "trade_id": "ae733f99-12c7-6e8f-57aa-e8110f037740", "yes_price": 40, "yes_price_dollars": "0.4000"}
{"count": 20, "count_fp": "20.00", "created_time": "2026-02-10T18:07:26.611621Z", "no_price": 60, "no_price_dollars": "0.6000", "price": 0.4, "taker_side": "no", "ticker": "KXINX-26FEB10H1600-B6987", "trade_id": "19f8f872-827c-4dba-f06a-076ec33b1320", "yes_price": 40, "yes_price_dollars": "0.4000"}
{"count": 10, "count_fp": "10.00", "created_time": "2026-02-10T18:06:12.336265Z", "no_price": 56, "no_price_dollars": "0.5600", "price": 0.44, "taker_side": "yes", "ticker": "KXINX-26FEB10H1600-B6987", "trade_id": "e859785c-3318-5db3-085c-a4550b665552", "yes_price": 44, "yes_price_dollars": "0.4400"}
{"count": 17, "count_fp": "17.00", "created_time": "2026-02-10T18:05:54.212146Z", "no_price": 56, "no_price_dollars": "0.5600", "price": 0.44, "taker_side": "no", "ticker": "KXINX-26FEB10H1600-B6987", "trade_id": "0bc3f0bc-f575-4a2d-fa17-0cf1ded723ab", "yes_price": 44, "yes_price_dollars": "0.4400"}
{"count": 7, "count_fp": "7.00", "created_time": "2026-02-10T18:04:46.868746Z", "no_price": 46, "no_price_dollars": "0.4600", "price": 0.54, "taker_side": "yes", "ticker": "KXINX-26FEB10H1600-B6987", "trade_id": "7cee41a4-fa88-7af3-3994-e7d3d87e2f65", "yes_price": 54, "yes_price_dollars": "0.5400"}
{"count": 17, "count_fp": "17.00", "created_time": "2026-02-10T18:01:21.149935Z", "no_price": 55, "no_price_dollars": "0.5500", "price": 0.45, "taker_side": "no", "ticker": "KXINX-26FEB10H1600-B6987", "trade_id": "f4c2bc1a-9571-62de-1816-23ed017d1145", "yes_price": 45, "yes_price_dollars": "0.4500"}
{"count": 20, "count_fp": "20.00", "created_time": "2026-02-10T17:58:53.028648Z", "no_price": 49, "no_price_dollars": "0.4900", "price": 0.51, "taker_side": "no", "ticker": "KXINX-26FEB10H1600-B6987", "trade_id": "49de2b24-e8e0-42b5-ddb2-bd88dbf64cb3", "yes_price": 51, "yes_price_dollars": "0.5100"}
{"count": 106, "count_fp": "106.00", "created_time": "2026-02-10T17:37:40.33666Z", "no_price": 55, "no_price_dollars": "0.5500", "price": 0.45, "taker_side": "yes", "ticker": "KXINX-26FEB10H1600-B6987", "trade_id": "f8132866-e173-6b0f-9993-738fb09b8352", "yes_price": 45, "yes_price_dollars": "0.4500"}
{"count": 20, "count_fp": "20.00", "created_time": "2026-02-10T17:36:55.259566Z", "no_price": 55, "no_price_dollars": "0.5500", "price": 0.45, "taker_side": "yes", "ticker": "KXINX-26FEB10H1600-B6987", "trade_id": "b6f4e9f1-1c7f-528e-c6b4-bf89318d0601", "yes_price": 45, "yes_price_dollars": "0.4500"}
{"count": 8, "count_fp": "8.00", "created_time": "2026-02-10T17:24:45.574029Z", "no_price": 53, "no_price_dollars": "0.5300", "price": 0.47, "taker_side": "yes", "ticker": "KXINX-26FEB10H1600-B6987", "trade_id": "98fb2484-a5f3-53ef-8434-b1009e6b0e76", "yes_price": 47, "yes_price_dollars": "0.4700"}
{"count": 20, "count_fp": "20.00", "created_time": "2026-02-10T17:24:45.574029Z", "no_price": 54, "no_price_dollars": "0.5400", "price": 0.46, "taker_side": "yes", "ticker": "KXINX-26FEB10H1600-B6987", "trade_id": "31905a25-332f-551f-9e06-92acfb348ab6", "yes_price": 46, "yes_price_dollars": "0.4600"}
{"count": 2, "count_fp": "2.00", "created_time": "2026-02-10T17:04:01.754351Z", "no_price": 65, "no_price_dollars": "0.6500", "price": 0.35, "taker_side": "no", "ticker": "KXINX-26FEB10H1600-B6987", "trade_id": "a1f88f2c-e6a8-649d-2991-27b7e4497179", "yes_price": 35, "yes_price_dollars": "0.3500"}
{"count": 20, "count_fp": "20.00", "created_time": "2026-02-10T16:56:01.704673Z", "no_price": 64, "no_price_dollars": "0.6400", "price": 0.36, "taker_side": "yes", "ticker": "KXINX-26FEB10H1600-B6987", "trade_id": "7d9492fa-c351-5aa8-2102-499493ad218b", "yes_price": 36, "yes_price_dollars": "0.3600"}
{"count": 7, "count_fp": "7.00", "created_time": "2026-02-10T16:56:01.704673Z", "no_price": 64, "no_price_dollars": "0.6400", "price": 0.36, "taker_side": "yes", "ticker": "KXINX-26FEB10H1600-B6987", "trade_id": "626cd0eb-b7d3-57d6-201d-4650102a0d7c", "yes_price": 36, "yes_price_dollars": "0.3600"}
{"count": 13, "count_fp": "13.00", "created_time": "2026-02-10T16:51:09.190188Z", "no_price": 68, "no_price_dollars": "0.6800", "price": 0.32, "taker_side": "no", "ticker": "KXINX-26FEB10H1600-B6987", "trade_id": "d6ce40c4-02bc-6b5b-5ddd-5d7a82f5ca59", "yes_price": 32, "yes_price_dollars": "0.3200"}
{"count": 20, "count_fp": "20.00", "created_time": "2026-02-10T16:51:09.190188Z", "no_price": 67, "no_price_dollars": "0.6700", "price": 0.33, "taker_side": "no", "ticker": "KXINX-26FEB10H1600-B6987", "trade_id": "4a8ca847-ddb4-61a3-6d31-6b0190feb179", "yes_price": 33, "yes_price_dollars": "0.3300"}
{"count": 1, "count_fp": "1.00", "created_time": "2026-02-10T16:51:09.190188Z", "no_price": 69, "no_price_dollars": "0.6900", "price": 0.31, "taker_side": "no", "ticker": "KXINX-26FEB10H1600-B6987", "trade_id": "3939a2aa-19c3-605e-502f-42db767e0036", "yes_price": 31, "yes_price_dollars": "0.3100"}
{"count": 255, "count_fp": "255.00", "created_time": "2026-02-10T16:30:01.910732Z", "no_price": 62, "no_price_dollars": "0.6200", "price": 0.38, "taker_side": "no", "ticker": "KXINX-26FEB10H1600-B6987", "trade_id": "339e9acf-d092-569a-534a-754eaf69f6ff", "yes_price": 38, "yes_price_dollars": "0.3800"}
{"count": 20, "count_fp": "20.00", "created_time": "2026-02-10T16:27:47.774352Z", "no_price": 62, "no_price_dollars": "0.6200", "price": 0.38, "taker_side": "no", "ticker": "KXINX-26FEB10H1600-B6987", "trade_id": "a13564f4-3772-7bca-0dc6-23c58db9f34f", "yes_price": 38, "yes_price_dollars": "0.3800"}
{"count": 32, "count_fp": "32.00", "created_time": "2026-02-10T16:22:32.889424Z", "no_price": 67, "no_price_dollars": "0.6700", "price": 0.33, "taker_side": "no", "ticker": "KXINX-26FEB10H1600-B6987", "trade_id": "e0d6d544-f388-4370-255c-31bedcd25dc9", "yes_price": 33, "yes_price_dollars": "0.3300"}
{"count": 146, "count_fp": "146.00", "created_time": "2026-02-10T16:17:46.022404Z", "no_price": 60, "no_price_dollars": "0.6000", "price": 0.4, "taker_side": "yes", "ticker": "KXINX-26FEB10H1600-B6987", "trade_id": "9b171057-9e92-4859-cf8b-376897fcf08e", "yes_price": 40, "yes_price_dollars": "0.4000"}
{"count": 20, "count_fp": "20.00", "created_time": "2026-02-10T16:15:38.186609Z", "no_price": 64, "no_price_dollars": "0.6400", "price": 0.36, "taker_side": "yes", "ticker": "KXINX-26FEB10H1600-B6987", "trade_id": "8b6d1cf7-7e3c-5230-f9c7-c0fc578e92d7", "yes_price": 36, "yes_price_dollars": "0.3600"}
{"count": 20, "count_fp": "20.00", "created_time": "2026-02-10T16:15:37.374695Z", "no_price": 62, "no_price_dollars": "0.6200", "price": 0.38, "taker_side": "no", "ticker": "KXINX-26FEB10H1600-B6987", "trade_id": "856063f9-6782-4a56-924a-06b7e5b445cb", "yes_price": 38, "yes_price_dollars": "0.3800"}
{"count": 38, "count_fp": "38.00", "created_time": "2026-02-10T16:15:37.374695Z", "no_price": 63, "no_price_dollars": "0.6300", "price": 0.37, "taker_side": "no", "ticker": "KXINX-26FEB10H1600-B6987", "trade_id": "832207fb-e87e-42f4-9505-20358eba07a3", "yes_price": 37, "yes_price_dollars": "0.3700"}
{"count": 38, "count_fp": "38.00", "created_time": "2026-02-10T16:15:37.374695Z", "no_price": 62, "no_price_dollars": "0.6200", "price": 0.38, "taker_side": "no", "ticker": "KXINX-26FEB10H1600-B6987", "trade_id": "73fef47c-28fc-4e80-b546-a00a69eead77", "yes_price": 38, "yes_price_dollars": "0.3800"}
{"count": 20, "count_fp": "20.00", "created_time": "2026-02-10T16:13:18.631896Z", "no_price": 60, "no_price_dollars": "0.6000", "price": 0.4, "taker_side": "yes", "ticker": "KXINX-26FEB10H1600-B6987", "trade_id": "5c497df2-71fa-48e9-e6b1-a72cfead06be", "yes_price": 40, "yes_price_dollars": "0.4000"}
{"count": 34, "count_fp": "34.00", "created_time": "2026-02-10T16:12:11.471345Z", "no_price": 60, "no_price_dollars": "0.6000", "price": 0.4, "taker_side": "yes", "ticker": "KXINX-26FEB10H1600-B6987", "trade_id": "ace8285e-31e2-68f9-9173-77a03d330d56", "yes_price": 40, "yes_price_dollars": "0.4000"}
{"count": 16, "count_fp": "16.00", "created_time": "2026-02-10T16:05:55.982975Z", "no_price": 61, "no_price_dollars": "0.6100", "price": 0.39, "taker_side": "no", "ticker": "KXINX-26FEB10H1600-B6987", "trade_id": "9586f1fa-53a6-4d52-2a7f-3e4fdfd1b182", "yes_price": 39, "yes_price_dollars": "0.3900"}
{"count": 10, "count_fp": "10.00", "created_time": "2026-02-10T15:52:19.432483Z", "no_price": 55, "no_price_dollars": "0.5500", "price": 0.45, "taker_side": "yes", "ticker": "KXINX-26FEB10H1600-B6987", "trade_id": "f6aa29e9-d5f1-593b-9df6-0a995e40a6a1", "yes_price": 45, "yes_price_dollars": "0.4500"}
{"count": 8, "count_fp": "8.00", "created_time": "2026-02-10T15:45:43.018681Z", "no_price": 12, "no_price_dollars": "0.1200", "price": 0.88, "taker_side": "yes", "ticker": "KXINX-26FEB10H1600-B6987", "trade_id": "8656812c-45e8-5e45-9101-0cde789ea64d", "yes_price": 88, "yes_price_dollars": "0.8800"}
{"count": 5, "count_fp": "5.00", "created_time": "2026-02-10T15:45:43.018681Z", "no_price": 2, "no_price_dollars": "0.0200", "price": 0.98, "taker_side": "yes", "ticker": "KXINX-26FEB10H1600-B6987", "trade_id": "6f5c2abf-e125-5f98-94fb-69f2df5d0fe8", "yes_price": 98, "yes_price_dollars": "0.9800"}
{"count": 20, "count_fp": "20.00", "created_time": "2026-02-10T15:45:43.018681Z", "no_price": 54, "no_price_dollars": "0.5400", "price": 0.46, "taker_side": "yes", "ticker": "KXINX-26FEB10H1600-B6987", "trade_id": "6ce1f527-c666-5043-a1a9-a26fca056828", "yes_price": 46, "yes_price_dollars": "0.4600"}
{"count": 17, "count_fp": "17.00", "created_time": "2026-02-10T15:45:18.698524Z", "no_price": 57, "no_price_dollars": "0.5700", "price": 0.43, "taker_side": "no", "ticker": "KXINX-26FEB10H1600-B6987", "trade_id": "b458d429-0f07-4819-1a09-f8085c2748d0", "yes_price": 43, "yes_price_dollars": "0.4300"}
{"count": 42, "count_fp": "42.00", "created_time": "2026-02-10T15:44:37.943751Z", "no_price": 12, "no_price_dollars": "0.1200", "price": 0.88, "taker_side": "yes", "ticker": "KXINX-26FEB10H1600-B6987", "trade_id": "fe382319-9820-614d-519e-5b51e9f4cea1", "yes_price": 88, "yes_price_dollars": "0.8800"}
{"count": 12, "count_fp": "12.00", "created_time": "2026-02-10T15:44:37.943751Z", "no_price": 19, "no_price_dollars": "0.1900", "price": 0.81, "taker_side": "yes", "ticker": "KXINX-26FEB10H1600-B6987", "trade_id": "ba82ef08-4656-6b49-7501-52f1d2101192", "yes_price": 81, "yes_price_dollars": "0.8100"}
{"count": 20, "count_fp": "20.00", "created_time": "2026-02-10T15:44:37.943751Z", "no_price": 55, "no_price_dollars": "0.5500", "price": 0.45, "taker_side": "yes", "ticker": "KXINX-26FEB10H1600-B6987", "trade_id": "62dfbfd8-e147-6a87-7418-4a778cba332f", "yes_price": 45, "yes_price_dollars": "0.4500"}
{"count": 13, "count_fp": "13.00", "created_time": "2026-02-10T15:44:37.943751Z", "no_price": 20, "no_price_dollars": "0.2000", "price": 0.8, "taker_side": "yes", "ticker": "KXINX-26FEB10H1600-B6987", "trade_id": "0a6dc1a7-2d48-6cd0-6412-bdcf49ba618c", "yes_price": 80, "yes_price_dollars": "0.8000"}
{"count": 15, "count_fp": "15.00", "created_time": "2026-02-10T15:15:19.146726Z", "no_price": 20, "no_price_dollars": "0.2000", "price": 0.8, "taker_side": "yes", "ticker": "KXINX-26FEB10H1600-B6987", "trade_id": "f8ec1d36-5d94-7dfa-2bae-fbb8bfa4cb0a", "yes_price": 80, "yes_price_dollars": "0.8000"}
{"count": 20, "count_fp": "20.00", "created_time": "2026-02-10T15:15:19.146726Z", "no_price": 62, "no_price_dollars": "0.6200", "price": 0.38, "taker_side": "yes", "ticker": "KXINX-26FEB10H1600-B6987", "trade_id": "be3b1edf-0ad2-751f-3197-499c479a941d", "yes_price": 38, "yes_price_dollars": "0.3800"}
{"count": 9, "count_fp": "9.00", "created_time": "2026-02-10T15:15:19.146726Z", "no_price": 47, "no_price_dollars": "0.4700", "price": 0.53, "taker_side": "yes", "ticker": "KXINX-26FEB10H1600-B6987", "trade_id": "0c4ff164-0996-7f15-3c08-076ec0e9dc3d", "yes_price": 53, "yes_price_dollars": "0.5300"}
{"count": 20, "count_fp": "20.00", "created_time": "2026-02-10T15:14:36.885537Z", "no_price": 63, "no_price_dollars": "0.6300", "price": 0.37, "taker_side": "yes", "ticker": "KXINX-26FEB10H1600-B6987", "trade_id": "ad861c00-9afd-7ee3-ac54-082b97824784", "yes_price": 37, "yes_price_dollars": "0.3700"}
{"count": 3, "count_fp": "3.00", "created_time": "2026-02-10T15:14:36.885537Z", "no_price": 47, "no_price_dollars": "0.4700", "price": 0.53, "taker_side": "yes", "ticker": "KXINX-26FEB10H1600-B6987", "trade_id": "7d9ba9b5-59aa-7819-9a7c-09740c579eb5", "yes_price": 53, "yes_price_dollars": "0.5300"}
{"count": 12, "count_fp": "12.00", "created_time": "2026-02-10T15:14:36.885537Z", "no_price": 55, "no_price_dollars": "0.5500", "price": 0.45, "taker_side": "yes", "ticker": "KXINX-26FEB10H1600-B6987", "trade_id": "407a6c31-2da7-7079-927b-26476f0bf342", "yes_price": 45, "yes_price_dollars": "0.4500"}
{"count": 10, "count_fp": "10.00", "created_time": "2026-02-10T15:06:00.495738Z", "no_price": 66, "no_price_dollars": "0.6600", "price": 0.34, "taker_side": "no", "ticker": "KXINX-26FEB10H1600-B6987", "trade_id": "cc824e42-f864-6ccd-f7b4-bd916794d602", "yes_price": 34, "yes_price_dollars": "0.3400"}
{"count": 2, "count_fp": "2.00", "created_time": "2026-02-10T14:58:30.585851Z", "no_price": 62, "no_price_dollars": "0.6200", "price": 0.38, "taker_side": "yes", "ticker": "KXINX-26FEB10H1600-B6987", "trade_id": "bd2bf23c-53f7-66ed-140b-c00a63bfd0ed", "yes_price": 38, "yes_price_dollars": "0.3800"}
{"count": 108, "count_fp": "108.00", "created_time": "2026-02-10T14:58:05.904015Z", "no_price": 62, "no_price_dollars": "0.6200", "price": 0.38, "taker_side": "yes", "ticker": "KXINX-26FEB10H1600-B6987", "trade_id": "e3179712-c91d-7849-086f-b00394b509fb", "yes_price": 38, "yes_price_dollars": "0.3800"}
{"count": 20, "count_fp": "20.00", "created_time": "2026-02-10T14:58:05.904015Z", "no_price": 62, "no_price_dollars": "0.6200", "price": 0.38, "taker_side": "yes", "ticker": "KXINX-26FEB10H1600-B6987", "trade_id": "1d4b29b4-790a-7c61-38ce-71b57241e697", "yes_price": 38, "yes_price_dollars": "0.3800"}
{"count": 48, "count_fp": "48.00", "created_time": "2026-02-10T14:57:57.877618Z", "no_price": 62, "no_price_dollars": "0.6200", "price": 0.38, "taker_side": "yes", "ticker": "KXINX-26FEB10H1600-B6987", "trade_id": "385190e9-69d1-6805-6568-93c5501a5677", "yes_price": 38, "yes_price_dollars": "0.3800"}
{"count": 20, "count_fp": "20.00", "created_time": "2026-02-10T14:57:47.879604Z", "no_price": 63, "no_price_dollars": "0.6300", "price": 0.37, "taker_side": "no", "ticker": "KXINX-26FEB10H1600-B6987", "trade_id": "18b3575a-11e1-5ddd-ca35-54e6bc62ea41", "yes_price": 37, "yes_price_dollars": "0.3700"}
{"count": 12, "count_fp": "12.00", "created_time": "2026-02-10T14:57:46.882764Z", "no_price": 63, "no_price_dollars": "0.6300", "price": 0.37, "taker_side": "yes", "ticker": "KXINX-26FEB10H1600-B6987", "trade_id": "f473b3e6-80f8-6867-5dcb-57921ea24730", "yes_price": 37, "yes_price_dollars": "0.3700"}
{"count": 20, "count_fp": "20.00", "created_time": "2026-02-10T14:57:46.882764Z", "no_price": 63, "no_price_dollars": "0.6300", "price": 0.37, "taker_side": "yes", "ticker": "KXINX-26FEB10H1600-B6987", "trade_id": "b71e25e8-3ff1-6c6d-685a-3fe4a11f228f", "yes_price": 37, "yes_price_dollars": "0.3700"}
{"count": 7, "count_fp": "7.00", "created_time": "2026-02-10T14:53:00.19701Z", "no_price": 69, "no_price_dollars": "0.6900", "price": 0.31, "taker_side": "yes", "ticker": "KXINX-26FEB10H1600-B6987", "trade_id": "207631a1-9198-72d4-bf88-b1dc88da1a26", "yes_price": 31, "yes_price_dollars": "0.3100"}
{"count": 12, "count_fp": "12.00", "created_time": "2026-02-10T14:25:07.05071Z", "no_price": 69, "no_price_dollars": "0.6900", "price": 0.31, "taker_side": "yes", "ticker": "KXINX-26FEB10H1600-B6987", "trade_id": "9b4c95b9-006b-77dd-8ccd-a0ef3434ebe2", "yes_price": 31, "yes_price_dollars": "0.3100"}
{"count": 20, "count_fp": "20.00", "created_time": "2026-02-10T14:13:24.697748Z", "no_price": 72, "no_price_dollars": "0.7200", "price": 0.28, "taker_side": "no", "ticker": "KXINX-26FEB10H1600-B6987", "trade_id": "e25e3f87-6b87-7d00-e993-5f7e288625a3", "yes_price": 28, "yes_price_dollars": "0.2800"}
{"count": 6, "count_fp": "6.00", "created_time": "2026-02-10T11:08:15.879794Z", "no_price": 70, "no_price_dollars": "0.7000", "price": 0.3, "taker_side": "yes", "ticker": "KXINX-26FEB10H1600-B6987", "trade_id": "b1f12772-e1f0-579f-c47d-08f1181ac07f", "yes_price": 30, "yes_price_dollars": "0.3000"}
{"count": 22, "count_fp": "22.00", "created_time": "2026-02-10T09:39:00.446072Z", "no_price": 70, "no_price_dollars": "0.7000", "price": 0.3, "taker_side": "yes", "ticker": "KXINX-26FEB10H1600-B6987", "trade_id": "a7685387-0c60-65bf-7475-4c3b91cb979f", "yes_price": 30, "yes_price_dollars": "0.3000"}
{"count": 15, "count_fp": "15.00", "created_time": "2026-02-10T20:59:59.03766Z", "no_price": 11, "no_price_dollars": "0.1100", "price": 0.89, "taker_side": "yes", "ticker": "KXINX-26FEB10H1600-B6962", "trade_id": "b2d42fcb-825b-613e-a822-5e0c9497dd27", "yes_price": 89, "yes_price_dollars": "0.8900"}
{"count": 3, "count_fp": "3.00", "created_time": "2026-02-10T20:59:59.03766Z", "no_price": 35, "no_price_dollars": "0.3500", "price": 0.65, "taker_side": "yes", "ticker": "KXINX-26FEB10H1600-B6962", "trade_id": "a224db10-bf5a-64f2-975e-f697d1069def", "yes_price": 65, "yes_price_dollars": "0.6500"}
{"count": 32, "count_fp": "32.00", "created_time": "2026-02-10T20:59:59.03766Z", "no_price": 10, "no_price_dollars": "0.1000", "price": 0.9, "taker_side": "yes", "ticker": "KXINX-26FEB10H1600-B6962", "trade_id": "342f95dd-deac-6585-b4cc-be274779b34a", "yes_price": 90, "yes_price_dollars": "0.9000"}
{"count": 5, "count_fp": "5.00", "created_time": "2026-02-10T20:59:59.03766Z", "no_price": 35, "no_price_dollars": "0.3500", "price": 0.65, "taker_side": "yes", "ticker": "KXINX-26FEB10H1600-B6962", "trade_id": "00b67b4d-0245-6311-bfb6-e58cf341e25f", "yes_price": 65, "yes_price_dollars": "0.6500"}
{"count": 382, "count_fp": "382.00", "created_time": "2026-02-10T20:57:56.170538Z", "no_price": 99, "no_price_dollars": "0.9900", "price": 0.01, "taker_side": "no", "ticker": "KXINX-26FEB10H1600-B6962", "trade_id": "e589cce5-6dc7-63df-9c9d-883614b322b3", "yes_price": 1, "yes_price_dollars": "0.0100"}
{"count": 38, "count_fp": "38.00", "created_time": "2026-02-10T20:57:56.170538Z", "no_price": 99, "no_price_dollars": "0.9900", "price": 0.01, "taker_side": "no", "ticker": "KXINX-26FEB10H1600-B6962", "trade_id": "d6f39b2a-e0d5-6bc4-b978-35232ab23235", "yes_price": 1, "yes_price_dollars": "0.0100"}
{"count": 55, "count_fp": "55.00", "created_time": "2026-02-10T20:57:56.170538Z", "no_price": 99, "no_price_dollars": "0.9900", "price": 0.01, "taker_side": "no", "ticker": "KXINX-26FEB10H1600-B6962", "trade_id": "d3a961e0-5b10-6465-90bf-dce9dadade69", "yes_price": 1, "yes_price_dollars": "0.0100"}
{"count": 121, "count_fp": "121.00", "created_time": "2026-02-10T20:57:19.890112Z", "no_price": 99, "no_price_dollars": "0.9900", "price": 0.01, "taker_side": "no", "ticker": "KXINX-26FEB10H1600-B6962", "trade_id": "568660f2-5dd3-7eb3-149a-fd6397af9baf", "yes_price": 1, "yes_price_dollars": "0.0100"}
{"count": 3367, "count_fp": "3367.00", "created_time": "2026-02-10T20:55:52.314107Z", "no_price": 93, "no_price_dollars": "0.9300", "price": 0.07, "taker_side": "yes", "ticker": "KXINX-26FEB10H1600-B6962", "trade_id": "502221d8-db8d-606d-eb76-08cdc2622c4d", "yes_price": 7, "yes_price_dollars": "0.0700"}
{"count": 64, "count_fp": "64.00", "created_time": "2026-02-10T20:55:28.357973Z", "no_price": 91, "no_price_dollars": "0.9100", "price": 0.09, "taker_side": "yes", "ticker": "KXINX-26FEB10H1600-B6962", "trade_id": "f78b6f64-0fb9-6275-ce1f-a93a18d8dfb5", "yes_price": 9, "yes_price_dollars": "0.0900"}
{"count": 64, "count_fp": "64.00", "created_time": "2026-02-10T20:55:20.694325Z", "no_price": 88, "no_price_dollars": "0.8800", "price": 0.12, "taker_side": "yes", "ticker": "KXINX-26FEB10H1600-B6962", "trade_id": "28704af9-e7c9-410d-5533-420c7bb1e545", "yes_price": 12, "yes_price_dollars": "0.1200"}
{"count": 70, "count_fp": "70.00", "created_time": "2026-02-10T20:54:40.185493Z", "no_price": 90, "no_price_dollars": "0.9000", "price": 0.1, "taker_side": "yes", "ticker": "KXINX-26FEB10H1600-B6962", "trade_id": "d8c7e4ba-1663-7820-bdf7-ad7b36e0064b", "yes_price": 10, "yes_price_dollars": "0.1000"}
{"count": 75, "count_fp": "75.00", "created_time": "2026-02-10T20:54:40.185493Z", "no_price": 91, "no_price_dollars": "0.9100", "price": 0.09, "taker_side": "yes", "ticker": "KXINX-26FEB10H1600-B6962", "trade_id": "b9aabe55-0c3e-7111-b2d5-72bc83b5c534", "yes_price": 9, "yes_price_dollars": "0.0900"}
{"count": 28, "count_fp": "28.00", "created_time": "2026-02-10T20:54:01.154074Z", "no_price": 79, "no_price_dollars": "0.7900", "price": 0.21, "taker_side": "no", "ticker": "KXINX-26FEB10H1600-B6962", "trade_id": "9df613ac-9f32-7476-6098-a56c0e63ce20", "yes_price": 21, "yes_price_dollars": "0.2100"}
{"count": 12, "count_fp": "12.00", "created_time": "2026-02-10T20:53:33.899068Z", "no_price": 79, "no_price_dollars": "0.7900", "price": 0.21, "taker_side": "yes", "ticker": "KXINX-26FEB10H1600-B6962", "trade_id": "03019a0c-c3d4-6d88-36d7-ed0952a2fe44", "yes_price": 21, "yes_price_dollars": "0.2100"}
{"count": 12, "count_fp": "12.00", "created_time": "2026-02-10T20:53:23.515631Z", "no_price": 86, "no_price_dollars": "0.8600", "price": 0.14, "taker_side": "yes", "ticker": "KXINX-26FEB10H1600-B6962", "trade_id": "f450b0a3-b7f1-647b-1bfe-4023fe4e1388", "yes_price": 14, "yes_price_dollars": "0.1400"}
{"count": 41, "count_fp": "41.00", "created_time": "2026-02-10T20:53:23.515631Z", "no_price": 86, "no_price_dollars": "0.8600", "price": 0.14, "taker_side": "yes", "ticker": "KXINX-26FEB10H1600-B6962", "trade_id": "291b6c52-80bf-60dc-2f91-6b5f2f8ed5b4", "yes_price": 14, "yes_price_dollars": "0.1400"}
{"count": 24, "count_fp": "24.00", "created_time": "2026-02-10T20:53:17.31282Z", "no_price": 87, "no_price_dollars": "0.8700", "price": 0.13, "taker_side": "no", "ticker": "KXINX-26FEB10H1600-B6962", "trade_id": "77a2432f-e187-674e-f379-fdd9d7e775ab", "yes_price": 13, "yes_price_dollars": "0.1300"}
{"count": 6539, "count_fp": "6539.00", "created_time": "2026-02-10T20:53:17.31282Z", "no_price": 89, "no_price_dollars": "0.8900", "price": 0.11, "taker_side": "no", "ticker": "KXINX-26FEB10H1600-B6962", "trade_id": "490baddd-1347-6a34-decb-e624d50fd3a1", "yes_price": 11, "yes_price_dollars": "0.1100"}
{"count": 48, "count_fp": "48.00", "created_time": "2026-02-10T20:53:17.31282Z", "no_price": 88, "no_price_dollars": "0.8800", "price": 0.12, "taker_side": "no", "ticker": "KXINX-26FEB10H1600-B6962", "trade_id": "04c0be00-0bd7-6a1e-c226-3303ea0eb937", "yes_price": 12, "yes_price_dollars": "0.1200"}
{"count": 9, "count_fp": "9.00", "created_time": "2026-02-10T20:53:00.633511Z", "no_price": 75, "no_price_dollars": "0.7500", "price": 0.25, "taker_side": "yes", "ticker": "KXINX-26FEB10H1600-B6962", "trade_id": "f195307c-dc5d-63b9-97af-f0ca7cc60015", "yes_price": 25, "yes_price_dollars": "0.2500"}
{"count": 46, "count_fp": "46.00", "created_time": "2026-02-10T20:52:30.048299Z", "no_price": 66, "no_price_dollars": "0.6600", "price": 0.34, "taker_side": "no", "ticker": "KXINX-26FEB10H1600-B6962", "trade_id": "b6cc32b3-67cb-43ea-8a84-77badf83a726", "yes_price": 34, "yes_price_dollars": "0.3400"}
{"count": 22, "count_fp": "22.00", "created_time": "2026-02-10T20:52:20.008959Z", "no_price": 57, "no_price_dollars": "0.5700", "price": 0.43, "taker_side": "yes", "ticker": "KXINX-26FEB10H1600-B6962", "trade_id": "99306e7a-6278-6ad8-b88d-6cde806ef3ce", "yes_price": 43, "yes_price_dollars": "0.4300"}
{"count": 116, "count_fp": "116.00", "created_time": "2026-02-10T20:51:50.222526Z", "no_price": 61, "no_price_dollars": "0.6100", "price": 0.39, "taker_side": "no", "ticker": "KXINX-26FEB10H1600-B6962", "trade_id": "bf47701b-42fa-52db-3f59-c3b03ef34868", "yes_price": 39, "yes_price_dollars": "0.3900"}
{"count": 12, "count_fp": "12.00", "created_time": "2026-02-10T20:51:30.95305Z", "no_price": 65, "no_price_dollars": "0.6500", "price": 0.35, "taker_side": "no", "ticker": "KXINX-26FEB10H1600-B6962", "trade_id": "6de15542-8aaa-6037-4244-f72023d0c72c", "yes_price": 35, "yes_price_dollars": "0.3500"}
{"count": 13, "count_fp": "13.00", "created_time": "2026-02-10T20:51:14.320166Z", "no_price": 64, "no_price_dollars": "0.6400", "price": 0.36, "taker_side": "yes", "ticker": "KXINX-26FEB10H1600-B6962", "trade_id": "631d1e5f-c5d8-4628-a42a-4edfcc2201ba", "yes_price": 36, "yes_price_dollars": "0.3600"}
{"count": 3, "count_fp": "3.00", "created_time": "2026-02-10T20:51:10.448554Z", "no_price": 65, "no_price_dollars": "0.6500", "price": 0.35, "taker_side": "no", "ticker": "KXINX-26FEB10H1600-B6962", "trade_id": "f3ed1a52-5eb8-7edf-4c55-4a1cbbb27d13", "yes_price": 35, "yes_price_dollars": "0.3500"}
{"count": 4, "count_fp": "4.00", "created_time": "2026-02-10T20:51:10.448554Z", "no_price": 66, "no_price_dollars": "0.6600", "price": 0.34, "taker_side": "no", "ticker": "KXINX-26FEB10H1600-B6962", "trade_id": "9494e3a8-a06b-72d5-49fb-ad995ca4d6af", "yes_price": 34, "yes_price_dollars": "0.3400"}
{"count": 46, "count_fp": "46.00", "created_time": "2026-02-10T20:51:00.808382Z", "no_price": 61, "no_price_dollars": "0.6100", "price": 0.39, "taker_side": "yes", "ticker": "KXINX-26FEB10H1600-B6962", "trade_id": "a64c3a42-aec4-5339-2668-65ebce84643b", "yes_price": 39, "yes_price_dollars": "0.3900"}
{"count": 38, "count_fp": "38.00", "created_time": "2026-02-10T20:50:50.869212Z", "no_price": 63, "no_price_dollars": "0.6300", "price": 0.37, "taker_side": "no", "ticker": "KXINX-26FEB10H1600-B6962", "trade_id": "6933ab9c-07f7-75fc-72e6-4f503f6622f5", "yes_price": 37, "yes_price_dollars": "0.3700"}
{"count": 3, "count_fp": "3.00", "created_time": "2026-02-10T20:50:50.794375Z", "no_price": 62, "no_price_dollars": "0.6200", "price": 0.38, "taker_side": "no", "ticker": "KXINX-26FEB10H1600-B6962", "trade_id": "bc2757b9-22b8-7590-7a09-057c4fcc9798", "yes_price": 38, "yes_price_dollars": "0.3800"}
{"count": 6611, "count_fp": "6611.00", "created_time": "2026-02-10T20:50:45.69795Z", "no_price": 60, "no_price_dollars": "0.6000", "price": 0.4, "taker_side": "yes", "ticker": "KXINX-26FEB10H1600-B6962", "trade_id": "66305b68-5ff0-64b9-23b0-da0034d638b3", "yes_price": 40, "yes_price_dollars": "0.4000"}
{"count": 1114, "count_fp": "1114.00", "created_time": "2026-02-10T20:50:43.498224Z", "no_price": 58, "no_price_dollars": "0.5800", "price": 0.42, "taker_side": "yes", "ticker": "KXINX-26FEB10H1600-B6962", "trade_id": "f87aa22d-3ef4-741d-4306-cd9d77dec00f", "yes_price": 42, "yes_price_dollars": "0.4200"}
{"count": 6, "count_fp": "6.00", "created_time": "2026-02-10T20:50:25.211509Z", "no_price": 60, "no_price_dollars": "0.6000", "price": 0.4, "taker_side": "yes", "ticker": "KXINX-26FEB10H1600-B6962", "trade_id": "f7e783c4-5970-403b-d6e3-47d836f4a005", "yes_price": 40, "yes_price_dollars": "0.4000"}
{"count": 70, "count_fp": "70.00", "created_time": "2026-02-10T20:50:25.211509Z", "no_price": 59, "no_price_dollars": "0.5900", "price": 0.41, "taker_side": "yes", "ticker": "KXINX-26FEB10H1600-B6962", "trade_id": "3ad7a94c-7258-4342-dafe-ce69bbfce86f", "yes_price": 41, "yes_price_dollars": "0.4100"}
{"count": 2, "count_fp": "2.00", "created_time": "2026-02-10T20:50:24.101715Z", "no_price": 60, "no_price_dollars": "0.6000", "price": 0.4, "taker_side": "yes", "ticker": "KXINX-26FEB10H1600-B6962", "trade_id": "2cf31da6-9cff-7277-bc08-b874e2634856", "yes_price": 40, "yes_price_dollars": "0.4000"}
{"count": 38, "count_fp": "38.00", "created_time": "2026-02-10T20:50:17.158146Z", "no_price": 60, "no_price_dollars": "0.6000", "price": 0.4, "taker_side": "no", "ticker": "KXINX-26FEB10H1600-B6962", "trade_id": "836d4e7a-3b09-6322-9389-452efb2a3fef", "yes_price": 40, "yes_price_dollars": "0.4000"}
{"count": 2, "count_fp": "2.00", "created_time": "2026-02-10T20:50:05.820258Z", "no_price": 52, "no_price_dollars": "0.5200", "price": 0.48, "taker_side": "yes", "ticker": "KXINX-26FEB10H1600-B6962", "trade_id": "374edb12-eaa4-76b8-878d-63a30e4e1028", "yes_price": 48, "yes_price_dollars": "0.4800"}
{"count": 5, "count_fp": "5.00", "created_time": "2026-02-10T20:50:04.077867Z", "no_price": 40, "no_price_dollars": "0.4000", "price": 0.6, "taker_side": "no", "ticker": "KXINX-26FEB10H1600-B6962", "trade_id": "5fce5f19-cf78-5b40-0df2-cc2d42841f2c", "yes_price": 60, "yes_price_dollars": "0.6000"}
{"count": 3, "count_fp": "3.00", "created_time": "2026-02-10T20:50:02.708112Z", "no_price": 26, "no_price_dollars": "0.2600", "price": 0.74, "taker_side": "no", "ticker": "KXINX-26FEB10H1600-B6962", "trade_id": "f2eafe05-4e89-753c-9829-590023948b5c", "yes_price": 74, "yes_price_dollars": "0.7400"}
{"count": 30, "count_fp": "30.00", "created_time": "2026-02-10T20:50:02.708112Z", "no_price": 26, "no_price_dollars": "0.2600", "price": 0.74, "taker_side": "no", "ticker": "KXINX-26FEB10H1600-B6962", "trade_id": "995cff3f-319e-73a6-8f16-b9065499e766", "yes_price": 74, "yes_price_dollars": "0.7400"}
{"count": 4, "count_fp": "4.00", "created_time": "2026-02-10T20:50:02.708112Z", "no_price": 26, "no_price_dollars": "0.2600", "price": 0.74, "taker_side": "no", "ticker": "KXINX-26FEB10H1600-B6962", "trade_id": "0cff3d4a-0dbf-7ded-83a2-482976f66d97", "yes_price": 74, "yes_price_dollars": "0.7400"}
{"count": 381, "count_fp": "381.00", "created_time": "2026-02-10T20:49:44.987594Z", "no_price": 24, "no_price_dollars": "0.2400", "price": 0.76, "taker_side": "yes", "ticker": "KXINX-26FEB10H1600-B6962", "trade_id": "7fb4cc9e-94fb-73f2-ee9d-acc4335216bf", "yes_price": 76, "yes_price_dollars": "0.7600"}
{"count": 26, "count_fp": "26.00", "created_time": "2026-02-10T20:49:03.885861Z", "no_price": 25, "no_price_dollars": "0.2500", "price": 0.75, "taker_side": "yes", "ticker": "KXINX-26FEB10H1600-B6962", "trade_id": "255f2c3f-7323-5d8e-7d60-8755daa328af", "yes_price": 75, "yes_price_dollars": "0.7500"}
{"count": 6, "count_fp": "6.00", "created_time": "2026-02-10T20:48:44.16028Z", "no_price": 26, "no_price_dollars": "0.2600", "price": 0.74, "taker_side": "yes", "ticker": "KXINX-26FEB10H1600-B6962", "trade_id": "6eb4ee2c-7f9b-6e42-b55a-54fc4975d617", "yes_price": 74, "yes_price_dollars": "0.7400"}
{"count": 678, "count_fp": "678.00", "created_time": "2026-02-10T20:48:28.327593Z", "no_price": 27, "no_price_dollars": "0.2700", "price": 0.73, "taker_side": "yes", "ticker": "KXINX-26FEB10H1600-B6962", "trade_id": "c5449814-e4ff-52f2-cf88-bad41502936f", "yes_price": 73, "yes_price_dollars": "0.7300"}
{"count": 4, "count_fp": "4.00", "created_time": "2026-02-10T20:48:18.673956Z", "no_price": 30, "no_price_dollars": "0.3000", "price": 0.7, "taker_side": "no", "ticker": "KXINX-26FEB10H1600-B6962", "trade_id": "e3e3f684-fcd9-6295-3310-ffc065acff2f", "yes_price": 70, "yes_price_dollars": "0.7000"}
{"count": 17, "count_fp": "17.00", "created_time": "2026-02-10T20:48:18.673956Z", "no_price": 31, "no_price_dollars": "0.3100", "price": 0.69, "taker_side": "no", "ticker": "KXINX-26FEB10H1600-B6962", "trade_id": "da3aea49-b96c-60a1-2038-e086f263af3f", "yes_price": 69, "yes_price_dollars": "0.6900"}
{"count": 33, "count_fp": "33.00", "created_time": "2026-02-10T20:47:51.752141Z", "no_price": 31, "no_price_dollars": "0.3100", "price": 0.69, "taker_side": "yes", "ticker": "KXINX-26FEB10H1600-B6962", "trade_id": "bda85d75-cbf4-5a4f-1303-e58d47fc1b5c", "yes_price": 69, "yes_price_dollars": "0.6900"}
{"count": 253, "count_fp": "253.00", "created_time": "2026-02-10T20:47:51.752141Z", "no_price": 31, "no_price_dollars": "0.3100", "price": 0.69, "taker_side": "yes", "ticker": "KXINX-26FEB10H1600-B6962", "trade_id": "432e51de-b8a3-5db6-3301-4ddaaad67d73", "yes_price": 69, "yes_price_dollars": "0.6900"}
{"count": 7, "count_fp": "7.00", "created_time": "2026-02-10T20:47:42.903935Z", "no_price": 33, "no_price_dollars": "0.3300", "price": 0.67, "taker_side": "yes", "ticker": "KXINX-26FEB10H1600-B6962", "trade_id": "1018754a-02d1-79e5-3f00-bb647640a00a", "yes_price": 67, "yes_price_dollars": "0.6700"}
{"count": 143, "count_fp": "143.00", "created_time": "2026-02-10T20:47:16.386234Z", "no_price": 31, "no_price_dollars": "0.3100", "price": 0.69, "taker_side": "yes", "ticker": "KXINX-26FEB10H1600-B6962", "trade_id": "39ebddce-b973-5ad6-7bc8-699b711e4653", "yes_price": 69, "yes_price_dollars": "0.6900"}
{"count": 9, "count_fp": "9.00", "created_time": "2026-02-10T20:44:33.034329Z", "no_price": 41, "no_price_dollars": "0.4100", "price": 0.59, "taker_side": "yes", "ticker": "KXINX-26FEB10H1600-B6962", "trade_id": "8fd58e61-8adb-7aea-61a2-f515e3efd58f", "yes_price": 59, "yes_price_dollars": "0.5900"}
{"count": 80, "count_fp": "80.00", "created_time": "2026-02-10T20:44:25.546313Z", "no_price": 39, "no_price_dollars": "0.3900", "price": 0.61, "taker_side": "yes", "ticker": "KXINX-26FEB10H1600-B6962", "trade_id": "693e57c3-3c8b-45ae-1515-82a66ee199df", "yes_price": 61, "yes_price_dollars": "0.6100"}
{"count": 6, "count_fp": "6.00", "created_time": "2026-02-10T20:40:01.704103Z", "no_price": 47, "no_price_dollars": "0.4700", "price": 0.53, "taker_side": "no", "ticker": "KXINX-26FEB10H1600-B6962", "trade_id": "e6b4b116-bdfe-5707-f778-4c26bc07cefd", "yes_price": 53, "yes_price_dollars": "0.5300"}
{"count": 15, "count_fp": "15.00", "created_time": "2026-02-10T20:39:58.902459Z", "no_price": 46, "no_price_dollars": "0.4600", "price": 0.54, "taker_side": "no", "ticker": "KXINX-26FEB10H1600-B6962", "trade_id": "0fefe693-22cb-5a30-f456-ce2a7bf7a474", "yes_price": 54, "yes_price_dollars": "0.5400"}
{"count": 436, "count_fp": "436.00", "created_time": "2026-02-10T20:39:26.870919Z", "no_price": 33, "no_price_dollars": "0.3300", "price": 0.67, "taker_side": "yes", "ticker": "KXINX-26FEB10H1600-B6962", "trade_id": "00004b80-6377-7316-4c58-e3d25384fe93", "yes_price": 67, "yes_price_dollars": "0.6700"}
{"count": 48, "count_fp": "48.00", "created_time": "2026-02-10T20:38:45.557384Z", "no_price": 39, "no_price_dollars": "0.3900", "price": 0.61, "taker_side": "yes", "ticker": "KXINX-26FEB10H1600-B6962", "trade_id": "6f0070ac-c59b-7bb2-e48a-61edb0058b2f", "yes_price": 61, "yes_price_dollars": "0.6100"}
{"count": 12, "count_fp": "12.00", "created_time": "2026-02-10T20:38:10.201688Z", "no_price": 37, "no_price_dollars": "0.3700", "price": 0.63, "taker_side": "yes", "ticker": "KXINX-26FEB10H1600-B6962", "trade_id": "26555b68-3aff-7fd2-79ce-ec4d74bfb04f", "yes_price": 63, "yes_price_dollars": "0.6300"}
{"count": 11, "count_fp": "11.00", "created_time": "2026-02-10T20:35:56.583201Z", "no_price": 41, "no_price_dollars": "0.4100", "price": 0.59, "taker_side": "yes", "ticker": "KXINX-26FEB10H1600-B6962", "trade_id": "f5984746-5def-704e-f012-ae75cf98bd13", "yes_price": 59, "yes_price_dollars": "0.5900"}
{"count": 44, "count_fp": "44.00", "created_time": "2026-02-10T20:35:33.712945Z", "no_price": 40, "no_price_dollars": "0.4000", "price": 0.6, "taker_side": "no", "ticker": "KXINX-26FEB10H1600-B6962", "trade_id": "323ca38d-e696-5871-e63c-e228a6bdf118", "yes_price": 60, "yes_price_dollars": "0.6000"}
{"count": 4, "count_fp": "4.00", "created_time": "2026-02-10T20:34:39.149572Z", "no_price": 39, "no_price_dollars": "0.3900", "price": 0.61, "taker_side": "no", "ticker": "KXINX-26FEB10H1600-B6962", "trade_id": "d7f30358-62b6-5fa7-d2f8-1abddfc824e5", "yes_price": 61, "yes_price_dollars": "0.6100"}
{"count": 6, "count_fp": "6.00", "created_time": "2026-02-10T20:30:41.544102Z", "no_price": 28, "no_price_dollars": "0.2800", "price": 0.72, "taker_side": "yes", "ticker": "KXINX-26FEB10H1600-B6962", "trade_id": "5e61e608-bf6e-5f9f-172a-7f3bc861a5d2", "yes_price": 72, "yes_price_dollars": "0.7200"}
{"count": 64, "count_fp": "64.00", "created_time": "2026-02-10T20:29:45.325124Z", "no_price": 25, "no_price_dollars": "0.2500", "price": 0.75, "taker_side": "yes", "ticker": "KXINX-26FEB10H1600-B6962", "trade_id": "fc217725-a903-4a82-48ed-006368e8f9df", "yes_price": 75, "yes_price_dollars": "0.7500"}
{"count": 70, "count_fp": "70.00", "created_time": "2026-02-10T20:26:52.247143Z", "no_price": 36, "no_price_dollars": "0.3600", "price": 0.64, "taker_side": "yes", "ticker": "KXINX-26FEB10H1600-B6962", "trade_id": "f4b2b7bd-1bd1-52b7-2107-f846cf5ff306", "yes_price": 64, "yes_price_dollars": "0.6400"}
{"count": 5, "count_fp": "5.00", "created_time": "2026-02-10T20:26:46.323217Z", "no_price": 36, "no_price_dollars": "0.3600", "price": 0.64, "taker_side": "no", "ticker": "KXINX-26FEB10H1600-B6962", "trade_id": "3552f328-e6a3-74a8-a4db-b7c5811bfb62", "yes_price": 64, "yes_price_dollars": "0.6400"}
{"count": 8, "count_fp": "8.00", "created_time": "2026-02-10T20:26:42.069519Z", "no_price": 36, "no_price_dollars": "0.3600", "price": 0.64, "taker_side": "no", "ticker": "KXINX-26FEB10H1600-B6962", "trade_id": "cc294b0d-fda7-45a5-b024-f85936fc348b", "yes_price": 64, "yes_price_dollars": "0.6400"}
{"count": 12, "count_fp": "12.00", "created_time": "2026-02-10T20:25:27.022731Z", "no_price": 27, "no_price_dollars": "0.2700", "price": 0.73, "taker_side": "yes", "ticker": "KXINX-26FEB10H1600-B6962", "trade_id": "c8929cf5-7b0b-786e-1f07-a4ae39d25327", "yes_price": 73, "yes_price_dollars": "0.7300"}
{"count": 3, "count_fp": "3.00", "created_time": "2026-02-10T20:24:52.555319Z", "no_price": 25, "no_price_dollars": "0.2500", "price": 0.75, "taker_side": "yes", "ticker": "KXINX-26FEB10H1600-B6962", "trade_id": "dc8e5e95-bfdf-5f16-a867-f6fb81a93f03", "yes_price": 75, "yes_price_dollars": "0.7500"}
{"count": 2, "count_fp": "2.00", "created_time": "2026-02-10T20:22:27.651547Z", "no_price": 24, "no_price_dollars": "0.2400", "price": 0.76, "taker_side": "no", "ticker": "KXINX-26FEB10H1600-B6962", "trade_id": "d1d2b651-df83-7dbd-b1cf-c6e1c3a63bdf", "yes_price": 76, "yes_price_dollars": "0.7600"}
{"count": 10, "count_fp": "10.00", "created_time": "2026-02-10T20:22:27.651547Z", "no_price": 23, "no_price_dollars": "0.2300", "price": 0.77, "taker_side": "no", "ticker": "KXINX-26FEB10H1600-B6962", "trade_id": "c0d1b487-55a8-7a31-b231-e1b4a0152bf8", "yes_price": 77, "yes_price_dollars": "0.7700"}
{"count": 127, "count_fp": "127.00", "created_time": "2026-02-10T20:21:20.586676Z", "no_price": 22, "no_price_dollars": "0.2200", "price": 0.78, "taker_side": "yes", "ticker": "KXINX-26FEB10H1600-B6962", "trade_id": "a99b1b0d-8147-72ee-f87a-69d1b7667653", "yes_price": 78, "yes_price_dollars": "0.7800"}
{"count": 3, "count_fp": "3.00", "created_time": "2026-02-10T20:20:42.725179Z", "no_price": 21, "no_price_dollars": "0.2100", "price": 0.79, "taker_side": "yes", "ticker": "KXINX-26FEB10H1600-B6962", "trade_id": "fce5202f-e57f-535a-1d59-cb814e177323", "yes_price": 79, "yes_price_dollars": "0.7900"}
{"count": 1, "count_fp": "1.00", "created_time": "2026-02-10T20:20:37.986574Z", "no_price": 20, "no_price_dollars": "0.2000", "price": 0.8, "taker_side": "yes", "ticker": "KXINX-26FEB10H1600-B6962", "trade_id": "e269ca10-2317-64e6-2e60-613974eac463", "yes_price": 80, "yes_price_dollars": "0.8000"}
{"count": 116, "count_fp": "116.00", "created_time": "2026-02-10T20:17:23.63116Z", "no_price": 28, "no_price_dollars": "0.2800", "price": 0.72, "taker_side": "yes", "ticker": "KXINX-26FEB10H1600-B6962", "trade_id": "626b7a8b-d187-45ba-8b57-2592e70efbbb", "yes_price": 72, "yes_price_dollars": "0.7200"}
{"count": 19, "count_fp": "19.00", "created_time": "2026-02-10T20:17:23.63116Z", "no_price": 28, "no_price_dollars": "0.2800", "price": 0.72, "taker_side": "yes", "ticker": "KXINX-26FEB10H1600-B6962", "trade_id": "2a77581f-50dd-4331-aeb9-b6d3c5fbd4be", "yes_price": 72, "yes_price_dollars": "0.7200"}
{"count": 43, "count_fp": "43.00", "created_time": "2026-02-10T20:15:41.558326Z", "no_price": 38, "no_price_dollars": "0.3800", "price": 0.62, "taker_side": "no", "ticker": "KXINX-26FEB10H1600-B6962", "trade_id": "ce2a9f22-0e73-4b39-248f-4b57f48dc9ff", "yes_price": 62, "yes_price_dollars": "0.6200"}
{"count": 3, "count_fp": "3.00", "created_time": "2026-02-10T20:12:17.853462Z", "no_price": 32, "no_price_dollars": "0.3200", "price": 0.68, "taker_side": "yes", "ticker": "KXINX-26FEB10H1600-B6962", "trade_id": "ed5ac5b5-1eb3-7cdd-756d-4f7e65f41ecc", "yes_price": 68, "yes_price_dollars": "0.6800"}
{"count": 40, "count_fp": "40.00", "created_time": "2026-02-10T20:11:22.499986Z", "no_price": 34, "no_price_dollars": "0.3400", "price": 0.66, "taker_side": "no", "ticker": "KXINX-26FEB10H1600-B6962", "trade_id": "4927f271-3413-7a8e-4d6e-5d0aa9a67c8b", "yes_price": 66, "yes_price_dollars": "0.6600"}
{"count": 41, "count_fp": "41.00", "created_time": "2026-02-10T20:09:37.074172Z", "no_price": 28, "no_price_dollars": "0.2800", "price": 0.72, "taker_side": "yes", "ticker": "KXINX-26FEB10H1600-B6962", "trade_id": "d50b8102-af53-5641-5366-45d1baa739c4", "yes_price": 72, "yes_price_dollars": "0.7200"}
{"count": 27, "count_fp": "27.00", "created_time": "2026-02-10T20:09:24.854506Z", "no_price": 29, "no_price_dollars": "0.2900", "price": 0.71, "taker_side": "no", "ticker": "KXINX-26FEB10H1600-B6962", "trade_id": "711461cf-30a6-793e-7f8a-9e06a0f6644c", "yes_price": 71, "yes_price_dollars": "0.7100"}
{"count": 3293, "count_fp": "3293.00", "created_time": "2026-02-10T20:08:35.660857Z", "no_price": 29, "no_price_dollars": "0.2900", "price": 0.71, "taker_side": "no", "ticker": "KXINX-26FEB10H1600-B6962", "trade_id": "c6f74b60-7a3f-78f0-408a-8b1ec52b9475", "yes_price": 71, "yes_price_dollars": "0.7100"}
{"count": 74, "count_fp": "74.00", "created_time": "2026-02-10T20:08:35.660857Z", "no_price": 28, "no_price_dollars": "0.2800", "price": 0.72, "taker_side": "no", "ticker": "KXINX-26FEB10H1600-B6962", "trade_id": "88b2fb4f-ccf8-7e8c-7bdf-f7c9e0d4b719", "yes_price": 72, "yes_price_dollars": "0.7200"}
{"count": 51, "count_fp": "51.00", "created_time": "2026-02-10T20:06:43.586746Z", "no_price": 32, "no_price_dollars": "0.3200", "price": 0.68, "taker_side": "no", "ticker": "KXINX-26FEB10H1600-B6962", "trade_id": "59976452-650d-7dda-5731-a7dcd384b1c3", "yes_price": 68, "yes_price_dollars": "0.6800"}
{"count": 3, "count_fp": "3.00", "created_time": "2026-02-10T20:00:40.631795Z", "no_price": 30, "no_price_dollars": "0.3000", "price": 0.7, "taker_side": "no", "ticker": "KXINX-26FEB10H1600-B6962", "trade_id": "547f76a4-3be3-489d-a5de-18e7543b4ed1", "yes_price": 70, "yes_price_dollars": "0.7000"}
{"count": 5, "count_fp": "5.00", "created_time": "2026-02-10T20:00:10.42243Z", "no_price": 11, "no_price_dollars": "0.1100", "price": 0.89, "taker_side": "yes", "ticker": "KXINX-26FEB10H1600-B6962", "trade_id": "7dd4cfc6-5981-4e7d-e4b0-9ad7e0562d7b", "yes_price": 89, "yes_price_dollars": "0.8900"}
{"count": 20, "count_fp": "20.00", "created_time": "2026-02-10T20:00:10.42243Z", "no_price": 21, "no_price_dollars": "0.2100", "price": 0.79, "taker_side": "yes", "ticker": "KXINX-26FEB10H1600-B6962", "trade_id": "4f171a24-29cd-47b9-ec87-520a67092e89", "yes_price": 79, "yes_price_dollars": "0.7900"}
{"count": 3, "count_fp": "3.00", "created_time": "2026-02-10T19:57:26.100712Z", "no_price": 18, "no_price_dollars": "0.1800", "price": 0.82, "taker_side": "yes", "ticker": "KXINX-26FEB10H1600-B6962", "trade_id": "daf2b428-9d36-78d3-11a2-574ced16d343", "yes_price": 82, "yes_price_dollars": "0.8200"}
{"count": 5, "count_fp": "5.00", "created_time": "2026-02-10T19:54:48.197382Z", "no_price": 40, "no_price_dollars": "0.4000", "price": 0.6, "taker_side": "no", "ticker": "KXINX-26FEB10H1600-B6962", "trade_id": "60426370-6fde-7001-719e-38d78f4301fc", "yes_price": 60, "yes_price_dollars": "0.6000"}
{"count": 20, "count_fp": "20.00", "created_time": "2026-02-10T19:54:48.197382Z", "no_price": 38, "no_price_dollars": "0.3800", "price": 0.62, "taker_side": "no", "ticker": "KXINX-26FEB10H1600-B6962", "trade_id": "3d658399-4356-7760-5ee4-cf82b0058c69", "yes_price": 62, "yes_price_dollars": "0.6200"}
{"count": 8, "count_fp": "8.00", "created_time": "2026-02-10T19:33:56.302618Z", "no_price": 27, "no_price_dollars": "0.2700", "price": 0.73, "taker_side": "yes", "ticker": "KXINX-26FEB10H1600-B6962", "trade_id": "43b9f0f0-9ebd-47e8-ed26-4e0e37315ae7", "yes_price": 73, "yes_price_dollars": "0.7300"}
{"count": 223, "count_fp": "223.00", "created_time": "2026-02-10T19:30:33.275481Z", "no_price": 28, "no_price_dollars": "0.2800", "price": 0.72, "taker_side": "yes", "ticker": "KXINX-26FEB10H1600-B6962", "trade_id": "0bde47d1-9b7d-6d64-8077-10263f0deed3", "yes_price": 72, "yes_price_dollars": "0.7200"}
{"count": 100, "count_fp": "100.00", "created_time": "2026-02-10T19:30:11.506199Z", "no_price": 28, "no_price_dollars": "0.2800", "price": 0.72, "taker_side": "yes", "ticker": "KXINX-26FEB10H1600-B6962", "trade_id": "23602b8e-8085-531c-e060-ddca6c5eb063", "yes_price": 72, "yes_price_dollars": "0.7200"}
{"count": 20, "count_fp": "20.00", "created_time": "2026-02-10T19:30:10.503931Z", "no_price": 29, "no_price_dollars": "0.2900", "price": 0.71, "taker_side": "no", "ticker": "KXINX-26FEB10H1600-B6962", "trade_id": "a786272a-9828-5805-94b6-295658b45df0", "yes_price": 71, "yes_price_dollars": "0.7100"}
{"count": 20, "count_fp": "20.00", "created_time": "2026-02-10T19:30:00.709882Z", "no_price": 29, "no_price_dollars": "0.2900", "price": 0.71, "taker_side": "no", "ticker": "KXINX-26FEB10H1600-B6962", "trade_id": "2493f3af-e20c-56ad-d025-e66886413758", "yes_price": 71, "yes_price_dollars": "0.7100"}
{"count": 20, "count_fp": "20.00", "created_time": "2026-02-10T19:29:59.858113Z", "no_price": 29, "no_price_dollars": "0.2900", "price": 0.71, "taker_side": "yes", "ticker": "KXINX-26FEB10H1600-B6962", "trade_id": "43813267-8d64-64a5-ac8f-da52c113e4ca", "yes_price": 71, "yes_price_dollars": "0.7100"}
{"count": 20, "count_fp": "20.00", "created_time": "2026-02-10T19:29:47.818184Z", "no_price": 29, "no_price_dollars": "0.2900", "price": 0.71, "taker_side": "yes", "ticker": "KXINX-26FEB10H1600-B6962", "trade_id": "dcb4e74f-55e0-7f80-24d4-70aaae6104d6", "yes_price": 71, "yes_price_dollars": "0.7100"}
{"count": 60, "count_fp": "60.00", "created_time": "2026-02-10T19:28:43.833495Z", "no_price": 35, "no_price_dollars": "0.3500", "price": 0.65, "taker_side": "yes", "ticker": "KXINX-26FEB10H1600-B6962", "trade_id": "81935d8b-dd61-6372-8924-a2ba584dd630", "yes_price": 65, "yes_price_dollars": "0.6500"}
{"count": 20, "count_fp": "20.00", "created_time": "2026-02-10T19:28:43.784583Z", "no_price": 35, "no_price_dollars": "0.3500", "price": 0.65, "taker_side": "yes", "ticker": "KXINX-26FEB10H1600-B6962", "trade_id": "0fe3f7d7-f279-40ba-2de8-bbd868c2ba70", "yes_price": 65, "yes_price_dollars": "0.6500"}
{"count": 20, "count_fp": "20.00", "created_time": "2026-02-10T19:28:42.373469Z", "no_price": 35, "no_price_dollars": "0.3500", "price": 0.65, "taker_side": "yes", "ticker": "KXINX-26FEB10H1600-B6962", "trade_id": "51e38367-5ae5-5b0a-8c65-322f1d8250a8", "yes_price": 65, "yes_price_dollars": "0.6500"}
{"count": 1, "count_fp": "1.00", "created_time": "2026-02-10T19:28:15.690091Z", "no_price": 36, "no_price_dollars": "0.3600", "price": 0.64, "taker_side": "yes", "ticker": "KXINX-26FEB10H1600-B6962", "trade_id": "fd6b2ff4-6e3c-6745-a456-45330828e314", "yes_price": 64, "yes_price_dollars": "0.6400"}
{"count": 2, "count_fp": "2.00", "created_time": "2026-02-10T19:28:00.911953Z", "no_price": 37, "no_price_dollars": "0.3700", "price": 0.63, "taker_side": "yes", "ticker": "KXINX-26FEB10H1600-B6962", "trade_id": "b2ba619e-46b8-6ce9-957b-672d22f4857c", "yes_price": 63, "yes_price_dollars": "0.6300"}
{"count": 20, "count_fp": "20.00", "created_time": "2026-02-10T19:23:39.065438Z", "no_price": 43, "no_price_dollars": "0.4300", "price": 0.57, "taker_side": "no", "ticker": "KXINX-26FEB10H1600-B6962", "trade_id": "e887916f-211b-71a4-f196-dfd9c3550ec4", "yes_price": 57, "yes_price_dollars": "0.5700"}
{"count": 2, "count_fp": "2.00", "created_time": "2026-02-10T19:23:39.065438Z", "no_price": 60, "no_price_dollars": "0.6000", "price": 0.4, "taker_side": "no", "ticker": "KXINX-26FEB10H1600-B6962", "trade_id": "0ab429ff-e0f9-7c52-cfde-0b0f0a9027cf", "yes_price": 40, "yes_price_dollars": "0.4000"}
{"count": 99, "count_fp": "99.00", "created_time": "2026-02-10T19:22:53.834402Z", "no_price": 35, "no_price_dollars": "0.3500", "price": 0.65, "taker_side": "no", "ticker": "KXINX-26FEB10H1600-B6962", "trade_id": "6c6195b6-280f-41a1-086e-5349c764af51", "yes_price": 65, "yes_price_dollars": "0.6500"}
{"count": 1, "count_fp": "1.00", "created_time": "2026-02-10T19:22:52.616816Z", "no_price": 35, "no_price_dollars": "0.3500", "price": 0.65, "taker_side": "no", "ticker": "KXINX-26FEB10H1600-B6962", "trade_id": "6a6990b5-c28b-59ed-d685-203460015e8d", "yes_price": 65, "yes_price_dollars": "0.6500"}
{"count": 20, "count_fp": "20.00", "created_time": "2026-02-10T19:21:58.060895Z", "no_price": 35, "no_price_dollars": "0.3500", "price": 0.65, "taker_side": "no", "ticker": "KXINX-26FEB10H1600-B6962", "trade_id": "6dd1fdd1-608e-5fba-5ae4-010422d1d807", "yes_price": 65, "yes_price_dollars": "0.6500"}
{"count": 1, "count_fp": "1.00", "created_time": "2026-02-10T19:21:58.060895Z", "no_price": 35, "no_price_dollars": "0.3500", "price": 0.65, "taker_side": "no", "ticker": "KXINX-26FEB10H1600-B6962", "trade_id": "44cfe9a3-2c8c-5ed6-6ed5-cb30be4998bc", "yes_price": 65, "yes_price_dollars": "0.6500"}
{"count": 20, "count_fp": "20.00", "created_time": "2026-02-10T19:21:56.845434Z", "no_price": 35, "no_price_dollars": "0.3500", "price": 0.65, "taker_side": "no", "ticker": "KXINX-26FEB10H1600-B6962", "trade_id": "785d9674-1be2-50e2-8d04-5bf39c8113af", "yes_price": 65, "yes_price_dollars": "0.6500"}
{"count": 20, "count_fp": "20.00", "created_time": "2026-02-10T19:21:55.629554Z", "no_price": 35, "no_price_dollars": "0.3500", "price": 0.65, "taker_side": "no", "ticker": "KXINX-26FEB10H1600-B6962", "trade_id": "07e3946a-346a-5cae-5cc1-9a4c4a8d2d7b", "yes_price": 65, "yes_price_dollars": "0.6500"}
{"count": 20, "count_fp": "20.00", "created_time": "2026-02-10T19:21:54.412888Z", "no_price": 35, "no_price_dollars": "0.3500", "price": 0.65, "taker_side": "no", "ticker": "KXINX-26FEB10H1600-B6962", "trade_id": "c1c4aea1-216e-6716-f49c-a363a44d17eb", "yes_price": 65, "yes_price_dollars": "0.6500"}
{"count": 18, "count_fp": "18.00", "created_time": "2026-02-10T19:21:53.191812Z", "no_price": 35, "no_price_dollars": "0.3500", "price": 0.65, "taker_side": "no", "ticker": "KXINX-26FEB10H1600-B6962", "trade_id": "58db2d02-e0ae-55ae-f61a-6c3d6cb4e6bf", "yes_price": 65, "yes_price_dollars": "0.6500"}
{"count": 2, "count_fp": "2.00", "created_time": "2026-02-10T19:21:51.97266Z", "no_price": 34, "no_price_dollars": "0.3400", "price": 0.66, "taker_side": "no", "ticker": "KXINX-26FEB10H1600-B6962", "trade_id": "7c5d2879-bac0-5f3e-9419-86ad633d3475", "yes_price": 66, "yes_price_dollars": "0.6600"}
{"count": 2, "count_fp": "2.00", "created_time": "2026-02-10T19:21:50.750896Z", "no_price": 35, "no_price_dollars": "0.3500", "price": 0.65, "taker_side": "no", "ticker": "KXINX-26FEB10H1600-B6962", "trade_id": "49f170fa-8c62-62de-c056-afb4ca4b64db", "yes_price": 65, "yes_price_dollars": "0.6500"}
{"count": 20, "count_fp": "20.00", "created_time": "2026-02-10T19:16:00.497218Z", "no_price": 32, "no_price_dollars": "0.3200", "price": 0.68, "taker_side": "yes", "ticker": "KXINX-26FEB10H1600-B6962", "trade_id": "93ef2949-49f9-5088-d0e7-9dff26527f75", "yes_price": 68, "yes_price_dollars": "0.6800"}
{"count": 20, "count_fp": "20.00", "created_time": "2026-02-10T19:15:41.228653Z", "no_price": 32, "no_price_dollars": "0.3200", "price": 0.68, "taker_side": "yes", "ticker": "KXINX-26FEB10H1600-B6962", "trade_id": "aa7d63fa-59f0-5c32-3b4f-332c174996da", "yes_price": 68, "yes_price_dollars": "0.6800"}
{"count": 20, "count_fp": "20.00", "created_time": "2026-02-10T19:15:02.725337Z", "no_price": 31, "no_price_dollars": "0.3100", "price": 0.69, "taker_side": "no", "ticker": "KXINX-26FEB10H1600-B6962", "trade_id": "09aaa4bb-4e8b-755c-1058-c55257e458bb", "yes_price": 69, "yes_price_dollars": "0.6900"}
{"count": 20, "count_fp": "20.00", "created_time": "2026-02-10T19:14:49.594061Z", "no_price": 30, "no_price_dollars": "0.3000", "price": 0.7, "taker_side": "yes", "ticker": "KXINX-26FEB10H1600-B6962", "trade_id": "90ff961c-e41a-7221-5c91-ca3b473aef87", "yes_price": 70, "yes_price_dollars": "0.7000"}
{"count": 20, "count_fp": "20.00", "created_time": "2026-02-10T19:14:17.070195Z", "no_price": 32, "no_price_dollars": "0.3200", "price": 0.68, "taker_side": "yes", "ticker": "KXINX-26FEB10H1600-B6962", "trade_id": "77800c67-cf91-737f-75e4-5e845087cd90", "yes_price": 68, "yes_price_dollars": "0.6800"}
{"count": 20, "count_fp": "20.00", "created_time": "2026-02-10T19:13:52.914072Z", "no_price": 33, "no_price_dollars": "0.3300", "price": 0.67, "taker_side": "yes", "ticker": "KXINX-26FEB10H1600-B6962", "trade_id": "fe8764ad-ba60-48da-4eac-f35b48961fc0", "yes_price": 67, "yes_price_dollars": "0.6700"}
{"count": 20, "count_fp": "20.00", "created_time": "2026-02-10T19:13:14.496425Z", "no_price": 35, "no_price_dollars": "0.3500", "price": 0.65, "taker_side": "yes", "ticker": "KXINX-26FEB10H1600-B6962", "trade_id": "51863711-48f4-6bfb-d446-19aaba9c18a3", "yes_price": 65, "yes_price_dollars": "0.6500"}
{"count": 20, "count_fp": "20.00", "created_time": "2026-02-10T19:13:09.591879Z", "no_price": 35, "no_price_dollars": "0.3500", "price": 0.65, "taker_side": "yes", "ticker": "KXINX-26FEB10H1600-B6962", "trade_id": "c9306be2-8cad-5a0c-c605-5e9c6d1491fc", "yes_price": 65, "yes_price_dollars": "0.6500"}
{"count": 20, "count_fp": "20.00", "created_time": "2026-02-10T19:12:56.354199Z", "no_price": 45, "no_price_dollars": "0.4500", "price": 0.55, "taker_side": "no", "ticker": "KXINX-26FEB10H1600-B6962", "trade_id": "70cf289f-66ad-5965-cf29-a7e47517cc36", "yes_price": 55, "yes_price_dollars": "0.5500"}
{"count": 20, "count_fp": "20.00", "created_time": "2026-02-10T19:12:51.344533Z", "no_price": 45, "no_price_dollars": "0.4500", "price": 0.55, "taker_side": "no", "ticker": "KXINX-26FEB10H1600-B6962", "trade_id": "25a1b9d7-715e-51b5-67dc-ae682649d77e", "yes_price": 55, "yes_price_dollars": "0.5500"}
{"count": 20, "count_fp": "20.00", "created_time": "2026-02-10T19:12:44.198329Z", "no_price": 45, "no_price_dollars": "0.4500", "price": 0.55, "taker_side": "no", "ticker": "KXINX-26FEB10H1600-B6962", "trade_id": "9bad645e-1b3e-4743-3273-870515b86307", "yes_price": 55, "yes_price_dollars": "0.5500"}
{"count": 20, "count_fp": "20.00", "created_time": "2026-02-10T19:12:32.812544Z", "no_price": 46, "no_price_dollars": "0.4600", "price": 0.54, "taker_side": "no", "ticker": "KXINX-26FEB10H1600-B6962", "trade_id": "b34a5a97-f59a-6ca0-53ec-3ade3bb9c64a", "yes_price": 54, "yes_price_dollars": "0.5400"}
{"count": 15, "count_fp": "15.00", "created_time": "2026-02-10T19:12:19.720427Z", "no_price": 35, "no_price_dollars": "0.3500", "price": 0.65, "taker_side": "yes", "ticker": "KXINX-26FEB10H1600-B6962", "trade_id": "1c3afcb6-56b8-6512-4316-bc7003e1bb24", "yes_price": 65, "yes_price_dollars": "0.6500"}
{"count": 20, "count_fp": "20.00", "created_time": "2026-02-10T19:12:15.201648Z", "no_price": 45, "no_price_dollars": "0.4500", "price": 0.55, "taker_side": "no", "ticker": "KXINX-26FEB10H1600-B6962", "trade_id": "77c99a5f-02f9-4706-9758-24a54fe09a24", "yes_price": 55, "yes_price_dollars": "0.5500"}
{"count": 20, "count_fp": "20.00", "created_time": "2026-02-10T19:12:08.604138Z", "no_price": 44, "no_price_dollars": "0.4400", "price": 0.56, "taker_side": "no", "ticker": "KXINX-26FEB10H1600-B6962", "trade_id": "07f80ee0-490b-7487-6ebe-12bbf7f50429", "yes_price": 56, "yes_price_dollars": "0.5600"}
{"count": 20, "count_fp": "20.00", "created_time": "2026-02-10T19:12:03.919461Z", "no_price": 43, "no_price_dollars": "0.4300", "price": 0.57, "taker_side": "no", "ticker": "KXINX-26FEB10H1600-B6962", "trade_id": "8026633a-6f35-4a05-000b-27f4f9e6cc19", "yes_price": 57, "yes_price_dollars": "0.5700"}
{"count": 20, "count_fp": "20.00", "created_time": "2026-02-10T19:11:58.23961Z", "no_price": 43, "no_price_dollars": "0.4300", "price": 0.57, "taker_side": "no", "ticker": "KXINX-26FEB10H1600-B6962", "trade_id": "59e6ff6b-5645-68e0-15c0-88b0a0cca61c", "yes_price": 57, "yes_price_dollars": "0.5700"}
{"count": 29, "count_fp": "29.00", "created_time": "2026-02-10T19:06:59.460773Z", "no_price": 14, "no_price_dollars": "0.1400", "price": 0.86, "taker_side": "yes", "ticker": "KXINX-26FEB10H1600-B6962", "trade_id": "df3a0302-35c1-5d17-a20a-737602dd9f3f", "yes_price": 86, "yes_price_dollars": "0.8600"}
{"count": 20, "count_fp": "20.00", "created_time": "2026-02-10T19:06:59.460773Z", "no_price": 34, "no_price_dollars": "0.3400", "price": 0.66, "taker_side": "yes", "ticker": "KXINX-26FEB10H1600-B6962", "trade_id": "d80366dd-b56a-55ef-99a8-08710b4cacdb", "yes_price": 66, "yes_price_dollars": "0.6600"}
{"count": 50, "count_fp": "50.00", "created_time": "2026-02-10T19:06:59.460773Z", "no_price": 12, "no_price_dollars": "0.1200", "price": 0.88, "taker_side": "yes", "ticker": "KXINX-26FEB10H1600-B6962", "trade_id": "62fb7299-cf41-522c-95f0-ff1b14bdfc6f", "yes_price": 88, "yes_price_dollars": "0.8800"}
{"count": 503, "count_fp": "503.00", "created_time": "2026-02-10T19:06:59.460773Z", "no_price": 1, "no_price_dollars": "0.0100", "price": 0.99, "taker_side": "yes", "ticker": "KXINX-26FEB10H1600-B6962", "trade_id": "5771f0d6-7394-5cc8-922c-a4dcf446ce77", "yes_price": 99, "yes_price_dollars": "0.9900"}
{"count": 49, "count_fp": "49.00", "created_time": "2026-02-10T19:06:59.460773Z", "no_price": 1, "no_price_dollars": "0.0100", "price": 0.99, "taker_side": "yes", "ticker": "KXINX-26FEB10H1600-B6962", "trade_id": "56d0f3bb-3838-59af-a510-5494138a1188", "yes_price": 99, "yes_price_dollars": "0.9900"}
{"count": 58, "count_fp": "58.00", "created_time": "2026-02-10T19:06:59.460773Z", "no_price": 13, "no_price_dollars": "0.1300", "price": 0.87, "taker_side": "yes", "ticker": "KXINX-26FEB10H1600-B6962", "trade_id": "1c191e88-7a5d-5f46-87c0-f303ef0bbe9d", "yes_price": 87, "yes_price_dollars": "0.8700"}
{"count": 20, "count_fp": "20.00", "created_time": "2026-02-10T19:06:59.460773Z", "no_price": 15, "no_price_dollars": "0.1500", "price": 0.85, "taker_side": "yes", "ticker": "KXINX-26FEB10H1600-B6962", "trade_id": "1ad4a5ba-70b1-5db6-86ba-70195ff834e0", "yes_price": 85, "yes_price_dollars": "0.8500"}
{"count": 15, "count_fp": "15.00", "created_time": "2026-02-10T19:06:11.260818Z", "no_price": 35, "no_price_dollars": "0.3500", "price": 0.65, "taker_side": "yes", "ticker": "KXINX-26FEB10H1600-B6962", "trade_id": "6441e561-2a6c-619e-b141-f972660aa05d", "yes_price": 65, "yes_price_dollars": "0.6500"}
{"count": 10, "count_fp": "10.00", "created_time": "2026-02-10T19:03:49.823878Z", "no_price": 43, "no_price_dollars": "0.4300", "price": 0.57, "taker_side": "no", "ticker": "KXINX-26FEB10H1600-B6962", "trade_id": "6c08fe75-82b7-76e7-74b8-f4509f625b1a", "yes_price": 57, "yes_price_dollars": "0.5700"}
{"count": 46, "count_fp": "46.00", "created_time": "2026-02-10T19:03:23.771196Z", "no_price": 14, "no_price_dollars": "0.1400", "price": 0.86, "taker_side": "yes", "ticker": "KXINX-26FEB10H1600-B6962", "trade_id": "e19d68c6-384a-6da5-0b18-44fc4b5f300b", "yes_price": 86, "yes_price_dollars": "0.8600"}
{"count": 45, "count_fp": "45.00", "created_time": "2026-02-10T19:03:23.771196Z", "no_price": 20, "no_price_dollars": "0.2000", "price": 0.8, "taker_side": "yes", "ticker": "KXINX-26FEB10H1600-B6962", "trade_id": "b92697b4-0a58-6aa3-303b-ee34520f022c", "yes_price": 80, "yes_price_dollars": "0.8000"}
{"count": 20, "count_fp": "20.00", "created_time": "2026-02-10T19:03:23.771196Z", "no_price": 34, "no_price_dollars": "0.3400", "price": 0.66, "taker_side": "yes", "ticker": "KXINX-26FEB10H1600-B6962", "trade_id": "15f05cc9-5087-6cbd-2627-ad58b694e7b3", "yes_price": 66, "yes_price_dollars": "0.6600"}
{"count": 12, "count_fp": "12.00", "created_time": "2026-02-10T19:03:23.771196Z", "no_price": 19, "no_price_dollars": "0.1900", "price": 0.81, "taker_side": "yes", "ticker": "KXINX-26FEB10H1600-B6962", "trade_id": "0883673a-be6a-62e4-3e59-ae60d13b53c3", "yes_price": 81, "yes_price_dollars": "0.8100"}
{"count": 9, "count_fp": "9.00", "created_time": "2026-02-10T19:01:10.757329Z", "no_price": 42, "no_price_dollars": "0.4200", "price": 0.58, "taker_side": "yes", "ticker": "KXINX-26FEB10H1600-B6962", "trade_id": "eb659d5e-8486-7d4d-1a37-bdc76752ea2d", "yes_price": 58, "yes_price_dollars": "0.5800"}
{"count": 7, "count_fp": "7.00", "created_time": "2026-02-10T19:01:10.757329Z", "no_price": 37, "no_price_dollars": "0.3700", "price": 0.63, "taker_side": "yes", "ticker": "KXINX-26FEB10H1600-B6962", "trade_id": "8cf75fd3-46e3-76b3-1b5c-f8f4bb78b733", "yes_price": 63, "yes_price_dollars": "0.6300"}
{"count": 15, "count_fp": "15.00", "created_time": "2026-02-10T18:56:54.832684Z", "no_price": 44, "no_price_dollars": "0.4400", "price": 0.56, "taker_side": "yes", "ticker": "KXINX-26FEB10H1600-B6962", "trade_id": "88b2ad24-ede8-7440-52bc-bed09d73ed53", "yes_price": 56, "yes_price_dollars": "0.5600"}
{"count": 47, "count_fp": "47.00", "created_time": "2026-02-10T18:53:05.339558Z", "no_price": 51, "no_price_dollars": "0.5100", "price": 0.49, "taker_side": "no", "ticker": "KXINX-26FEB10H1600-B6962", "trade_id": "b39c78d4-37fb-4baa-68f9-41a838287be7", "yes_price": 49, "yes_price_dollars": "0.4900"}
{"count": 20, "count_fp": "20.00", "created_time": "2026-02-10T18:53:05.339558Z", "no_price": 50, "no_price_dollars": "0.5000", "price": 0.5, "taker_side": "no", "ticker": "KXINX-26FEB10H1600-B6962", "trade_id": "46787a73-d443-4c82-4525-86c5cdbf7b54", "yes_price": 50, "yes_price_dollars": "0.5000"}
{"count": 1, "count_fp": "1.00", "created_time": "2026-02-10T18:42:55.844041Z", "no_price": 42, "no_price_dollars": "0.4200", "price": 0.58, "taker_side": "yes", "ticker": "KXINX-26FEB10H1600-B6962", "trade_id": "795686f0-cb6e-6ea9-7d7c-4c11343073fd", "yes_price": 58, "yes_price_dollars": "0.5800"}
{"count": 10, "count_fp": "10.00", "created_time": "2026-02-10T18:36:41.144552Z", "no_price": 45, "no_price_dollars": "0.4500", "price": 0.55, "taker_side": "no", "ticker": "KXINX-26FEB10H1600-B6962", "trade_id": "d4d5dad3-443a-4716-3894-558573c57602", "yes_price": 55, "yes_price_dollars": "0.5500"}
{"count": 3, "count_fp": "3.00", "created_time": "2026-02-10T18:30:34.572055Z", "no_price": 44, "no_price_dollars": "0.4400", "price": 0.56, "taker_side": "yes", "ticker": "KXINX-26FEB10H1600-B6962", "trade_id": "8f961a81-8cc6-4cd6-48e2-225bd0bda4ef", "yes_price": 56, "yes_price_dollars": "0.5600"}
